2760 4852
1182 345 1263 423 55*

201 549 353 613 Eudoxos
372 550 454 613 haec
473 555 594 630 puncta
612 549 645 613 iu
665 549 778 614 mediis
798 549 930 629 Arietis,
952 549 1082 630 Librae,
1104 550 1229 633 Cancri,

112 653 301 734 Capricorni
332 656 480 736 partibus
510 662 679 738 posuerat3
709 656 748 720 cf.
781 656 962 738 Hipparchi
997 657 1068 721 Τῶν
1094 658 1229 740 Ἀράιου

56 828 59 834 ,
109 762 165 823 καὶ
187 762 336 835 Εὐδόξου
357 765 561 845 (μαινομένων
579 765 759 846 ἐξηγήσεων
777 764 854 844 LII,
877 770 894 827 3
916 765 1043 846 (Peiav.
1064 763 1229 849 Uranol.):

108 869 138 939 ,d
164 869 198 930 δὲ
218 869 363 943 Εὔδοξος
387 872 472 933 οὕτω
498 871 648 953 διῄρηται,
672 870 753 932 ὥστε
776 871 812 932 τὰ
837 873 985 953 εἰρημένα
1011 878 1123 953 σημεῖα
1146 874 1229 953 μέσα

107 975 186 1038 εἶναι
201 996 207 1008 ·
221 977 257 1038 τὰ
281 978 415 1058 μέντοῦ
434 980 589 1059 καρκίνον
608 978 661 1040 καὶ
679 984 732 1040 τοῦ
753 977 910 1059 αἰγόκερα)
927 997 933 1010 ·
950 978 986 1040 τὰ
1007 978 1041 1040 δὲ
1059 984 1113 1042 τοῦ
1136 986 1229 1060 κριοῦ
1280 1026 1282 1029 -

106 1083 162 1144 καὶ
184 1089 248 1146 τῶν
277 1085 408 1166 χηιιιῑιν.ί
453 1084 575 1148 Contra
602 1083 809 1165 Hipparchus
832 1089 954 1164 puncta
984 1083 1041 1148 illa
1065 1082 1229 1167 signorum

107 1186 205 1252 initia
228 1209 299 1255 esse
323 1191 427 1256 voluit
451 1191 474 1271 l,
497 1198 552 1255 27:
589 1189 646 1275 ,(Si
675 1189 708 1254 in
727 1189 846 1256 Leonis
870 1190 1130 1257 dodecatemorio
1155 1197 1230 1258 sunt

105 1295 209 1374 pedes
246 1297 350 1361 Ursae
389 1297 532 1379 maioris,
574 1317 669 1377 quam
706 1297 844 1362 mediam
887 1299 995 1362 coluro
1033 1298 1227 1379 tropicorum

107 1402 212 1467 dividi
236 1404 389 1469 Eudoxos
413 1404 496 1469 falso
522 1404 645 1487 docuit)
669 1411 740 1474 πῶς
760 1404 817 1468 οὗν
838 1405 970 1468 δυνατὸν
993 1406 1029 1469 τὸ
1052 1408 1152 1488 μέσον
1174 1416 1228 1490 τῆς

105 1511 224 1591 ἄρκτου
242 1513 275 1574 ἒν
289 1520 326 1595 τῇ
342 1513 426 1595 ἀρχῇ
441 1519 497 1574 τοῦ
511 1514 664 1593 καρκίνον
682 1513 823 1587 udedan·
841 1510 899 1596 (sc.
915 1531 974 1592 per
990 1515 1228 1591 quamcolurus

104 1616 233 1700 currit).
294 1619 446 1682 Eudoxos
485 1624 637 1683 accurate
680 1617 862 1698 definierat,
906 1638 988 1698 quae
1029 1619 1226 1702 singulorum

103 1722 269 1804 signorum
297 1729 409 1805 partes
438 1725 555 1790 coluris
583 1729 782 1789 secarentur.
834 1724 1041 1805 Hipparchus
1070 1746 1138 1791 oum
1168 1729 1226 1792 hos

103 1831 242 1896 circulos
275 1832 360 1914 sigui
394 1832 525 1897 dimidio
558 1832 627 1898 sive
660 1831 840 1912 quindecim
872 1830 1021 1912 partibus
1050 1834 1153 1915 magis
1185 1836 1227 1900 ad

102 1938 305 2002 occidentem
350 1958 464 2004 versus
511 1958 641 2004 currere
688 1942 859 2018 statueret,
912 1938 1057 2021 singulas
1103 1941 1226 2006 ueteris

101 2045 326 2109 mathematici
350 2046 494 2110 rationes
523 2046 625 2111 falsas
654 2064 725 2110 esse
755 2046 1011 2135 demonstrabat.
1059 2046 1155 2112 Cuius
1178 2047 1226 2113 rei

101 2171 197 2216 uuum
228 2154 408 2233 exemplum
440 2152 582 2217 afferam.
631 2152 729 2234 Hipp.
758 2154 783 2234 Ι,
815 2159 871 2217 29:
903 2153 962 2227 ,Ἐν
994 2155 1028 2217 δὲ
1056 2164 1103 2237 τῷ
1130 2136 1226 2238 ἑνέρῳ

99 2260 252 2342 κολούρῳ
276 2261 352 2342 φησὶ
375 2261 500 2323 κεῖσθαι
529 2261 548 2322 ὁ
577 2260 638 2342 μὲν
673 2258 731 2344 (se.
766 2259 933 2344 Eudoxos)
971 2261 1026 2343 την
1060 2262 1226 2344 ἀριστερὰν

98 2373 189 2448 χεῖρα
228 2373 283 2429 τοῦ
323 2369 581 2449 ἀρκτοφύλακος]
648 2365 739 2448 Quod
780 2366 876 2447 paulo
924 2365 1010 2432 infra
1047 2367 1224 2433 refellitur:

100 2472 155 2545 ,Ἠ
180 2474 240 2555 μὲν
274 2472 332 2536 οὗν
365 2474 512 2557 ἀριστερὰ
547 2474 614 2556 χεὶρ
646 2481 701 2536 τοῦ
735 2475 992 2557 Ἀρκτοφύλακος
1027 2477 1225 2539 ὑπολείπεται

98 2585 155 2642 τοῦ
180 2582 347 2662 εἰρημένου
376 2582 497 2643 κύκλου
527 2582 573 2651 ὡς
600 2583 695 2663 ἥμισυ
717 2582 821 2662 ’μέρος
848 2581 966 2654 ζωόίου
983 2601 988 2613 ·
1003 2583 1055 2644 καὶ
1084 2583 1144 2645 οὐκ
1174 2585 1223 2646 ἐπ’

99 2688 197 2750 αὐτοῦ
226 2690 351 2769 ηνέρειαι
378 2695 434 2750 τοῦ
465 2688 515 2750 διὰ
543 2693 607 2750 τῶν
635 2689 827 2769 ἰσημερινῶν
858 2689 999 2770 σημείων
1022 2689 1152 2762 κύκλου,
1178 2691 1224 2760 ὡς

98 2793 246 2866 Εὔδοξός
275 2819 361 2877 φησι.
408 2796 426 2856 ὁ
450 2794 509 2875 γὰρ
539 2794 717 2876 ἡγούμενος
746 2800 810 2857 τῶν
834 2795 866 2857 ἓν
890 2795 967 2877 αὐτῇ
991 2796 1094 2877 ἐπέχει
1117 2797 1225 2878 χηλῶν

98 2901 209 2963 πλεῖον
242 2905 260 2983 ἢ
297 2926 363 2983 μοι.
404 2902 462 2982 ιγ’.ί
520 2899 772 2981 Arctophylacis
809 2901 906 2966 laeva
943 2921 1056 2967 manus
1098 2902 1224 2967 obtinet

99 3007 233 3071 tertiam
270 3007 425 3072 decimam
457 3013 583 3088 partem
607 3007 738 3088 Librae,
773 3026 831 3087 per
869 3007 937 3071 eius
970 3007 1053 3090 signi
1086 3008 1223 3090 primam

96 3119 227 3195 partem
252 3116 379 3180 colurus
406 3113 681 3194 aequinoctiorum
702 3113 813 3195 currit,
831 3114 1078 3193 unumquodque
1097 3115 1223 3198 siguum

99 3220 308 3286 diuidebatur
331 3221 363 3286 in
388 3221 526 3303 triginta
549 3225 675 3302 partes:
704 3239 817 3285 manus
845 3219 947 3301 igitur
970 3223 1221 3305 Arctophylaois

98 3327 231 3392 circiter
273 3328 404 3392 dimidio
452 3327 536 3410 signi
586 3347 700 3394 versus
742 3326 898 3391 orientem
941 3347 960 3390 a
1003 3327 1121 3392 circulo
1164 3329 1219 3394 illo

98 3433 257 3500 distabat.

189 3541 395 3623 Hipparchus
415 3541 497 3606 satis
517 3542 660 3606 habebat
683 3541 850 3606 Eudoxum
875 3539 1065 3622 impugnare
1081 3580 1122 3587 —
1139 3563 1219 3622 quas

96 3647 260 3730 signorum
282 3654 394 3729 partes
413 3648 482 3729 ipse
503 3648 621 3713 coluris
640 3648 809 3728 tribueret,
828 3666 891 3712 non
908 3648 1044 3728 protulit
1099 3649 1218 3714 Omnes

97 3755 169 3820 eius
193 3756 336 3820 rationes
359 3759 440 3821 bene
464 3757 649 3821 intellectas
674 3760 707 3818 et
729 3759 819 3819 recte
844 3753 1008 3818 adhibitas
1038 3753 1217 3822 invenimus

96 3862 185 3941 apud
208 3862 376 3927 Manilium
399 3862 425 3943 Ι,
451 3869 512 3927 609
538 3883 607 3942 sqq.
655 3862 756 3944 (liram
775 3880 842 3925 rem
864 3880 925 3926 uno
948 3862 1094 3943 exemplo
1114 3864 1216 3928 allato

95 3988 265 4050 exponam.
331 3969 484 4033 Eudoxos
526 3969 655 4034 dixerat
698 3968 852 4032 Centauri
894 3968 1043 4032 dextram
1087 3988 1216 4034 manum

95 4077 206 4140 coluro
239 4075 512 4156 aequinoctiorum
546 4076 662 4140 secari.
720 4075 929 4156 Hipparchus
966 4095 1107 4141 errorem
1147 4077 1216 4143 eius

93 4182 233 4247 refellit:
264 4186 291 4256 ,ὁ
320 4184 353 4246 δὲ
381 4185 414 4245 ε’»ν
442 4191 478 4266 τῇ
507 4184 593 4264 δεξιᾷ
622 4183 698 4265 χειρὶ
724 4189 781 4244 τοῦ
810 4183 994 4263 Κενταύρου
1016 4185 1216 4248 ὑπολείπεται

92 4296 152 4353 τοῦ
172 4291 335 4371 εἰρημένου
353 4290 472 4353 κύκλου
493 4291 562 4370 περὶ
583 4291 609 4352 δ’
627 4291 726 4371 μέρος
747 4290 877 4362 ζαιὸίου.
908 4291 1009 4371 ἐσέχει
1029 4290 1089 4373 γὰρ
1107 4293 1215 4374 χηλῶν
