2760 4852
174 348 223 414 24

170 551 342 633 perspicue
363 551 566 631 explanetur,
586 549 732 615 breviter
752 568 808 614 eas
821 569 873 614 res
891 549 1098 629 complectar,
1119 548 1160 612 de
1177 548 1299 628 quibus

171 664 205 722 et
227 658 381 723 Manilius
405 664 439 723 31
464 657 606 722 Achilles
630 656 751 738 dicunt,
777 661 876 735 atque
899 654 957 737 ita,
982 661 1019 720 nt
1043 655 1173 737 addam,
1197 675 1298 736 quem

170 767 274 830 locum
298 765 445 846 singulae
474 764 560 844 apud
584 768 754 842 utrumque
778 767 942 827 auctorem
967 761 1148 827 obtineant.

685 868 886 935 Manilius:
1000 868 1192 934 Achilles:

195 985 223 1044 l.
248 978 448 1043 Prooemium
476 1030 658 1043 .....
679 977 704 1058 Ι,
740 981 890 1040 66—-117
916 996 986 1058 cap.
1015 983 1029 1041 1

193 1094 222 1150 2.
247 1085 329 1165 Περὶ
372 1093 427 1168 τῆς
472 1090 537 1147 τῶν
578 1085 663 1147 ὅλων

247 1193 347 1275 ἀρχῆς
384 1243 657 1256 .......
717 1195 889 1256 lar—146

193 1305 221 1362 3.
246 1297 328 1381 Περὶ
343 1305 398 1380 τῆς
410 1299 588 1367 συστάσεως
600 1303 664 1360 τῶν

248 1406 332 1469 ὅλων
384 1457 657 1470 .......
716 1408 887 1469 147-161

191 1516 222 1576 4.
248 1512 289 1575 Εἰ
310 1513 567 1594 ἕστηκενὴγῆ.
606 1564 612 1576 .
651 1564 656 1575 .
718 1516 889 1575 loa—aul

194 1624 222 1683 5.
248 1619 328 1700 Περὶ
346 1621 507 1701 σχήματος
530 1626 587 1701 γῆς
607 1672 613 1683 ,
652 1672 657 1683 ,
716 1623 888 1682 ‘loa—235

194 1731 222 1789 a.
249 1725 330 1806 Περὶ
353 1728 508 1809 οἰκήσεων
564 1779 569 1791 .
608 1779 614 1790 .
652 1779 658 1790 .
715 1729 889 1789 rao—246
1016 1735 1021 1749 “

195 1839 223 1895 7.
250 1831 329 1913 Περὶ
343 1839 406 1896 τῶν
424 1834 663 1914 κατηστερισμέ-

249 1963 316 2001 tuor
349 1921 478 2012 ζὼὸίων
511 1940 565 2001 καὶ
595 1940 665 2019 περὶ

249 2047 365 2117 ἄξονος
385 2098 658 2111 .......
715 2049 889 2109 255-538

195 2159 224 2214 8.
250 2151 330 2233 Περὶ
348 2158 412 2215 τῶν
437 2154 470 2215 ἒν
488 2160 525 2235 τῇ
547 2154 667 2234 σφαίρᾳ

249 2260 378 2322 κύκλων
431 2312 658 2325 ......
716 2263 890 2323 561-804
1015 2266 1143 2326 22-27

196 2373 225 2429 9.
251 2365 329 2447 Περὶ
352 2366 519 2448 πλανήτων
566 2419 572 2430 .
610 2418 616 2430 .
655 2420 661 2430 .
717 2371 891 2429 805—812
1019 2371 1144 2431 15--17

177 2479 225 2536 lb.
251 2471 332 2553 Περὶ
355 2474 509 2555 adpetitum
565 2525 571 2537 .
610 2526 615 2537 .
653 2525 656 2535 .
716 2479 874 2551 81331111.
1017 2477 1068 2537 34.

262 2580 411 2660 Apparet
444 2579 611 2658 utriusque
645 2578 720 2643 libri
756 2578 900 2643 ordinem
932 2578 1002 2643 fere
1037 2581 1172 2645 erindem
1206 2602 1300 2668 esse,

173 2685 317 2751 nonnisi
338 2687 460 2751 duobus
480 2686 547 2770 (vel
560 2686 705 2771 tribus?)
725 2686 805 2751 locis
827 2684 970 2751 Achilles
987 2707 1007 2752 a
1025 2693 1124 2768 poeta
1145 2688 1301 2757 discedit.

174 2793 246 2874 Qua
271 2813 310 2857 ex
336 2812 372 2857 re
401 2793 654 2858 concludendmn
678 2798 729 2857 est
753 2798 787 2857 et
806 2792 974 2858 Manilium
1000 2799 1033 2858 31
1053 2794 1194 2860 Achillei
1221 2796 1303 2863 libri

174 2899 310 2981 primum
341 2906 507 2964 auctorem
537 2919 589 2964 res
614 2899 688 2964 illas
717 2899 749 2964 in
782 2920 844 2964 uno
869 2905 967 2980 atque
992 2902 1102 2966 eodem
1127 2902 1303 2972 Posidonii

174 3006 257 3071 libro
294 3007 404 3071 eodem
442 3006 555 3071 ordine
594 3011 757 3071 tractatas
796 3004 969 3072 invenisse.
1029 3008 1079 3072 De
1115 3028 1176 3088 quo
1213 3010 1302 3077 libro

176 3120 306 3196 agatur,
345 3134 407 3178 non
442 3112 574 3178 difficile
612 3126 663 3177 est
701 3112 800 3178 dictu.
854 3114 936 3178 Nam
974 3113 1091 3180 scimus
1127 3115 1304 3184 Manilium

176 3220 280 3285 tribus
305 3221 466 3301 capitibus
484 3218 600 3306 (7-9)
622 3239 692 3284 eum
717 3219 915 3301 adhibuisse,
937 3220 991 3300 qui
1016 3223 1095 3304 ,περὶ
1113 3227 1302 3307 μετεώρωνζ

177 3327 352 3408 inscriptus
377 3333 459 3391 erat.

265 3434 436 3498 Accedunt
459 3433 533 3506 alia,
558 3433 673 3513 quibus
698 3434 779 3499 haee
804 3434 991 3500 coniectura
1014 3435 1170 3502 firmetur.
1210 3438 1304 3506 Loco

177 3541 244 3622 illo,
269 3560 361 3621 quem
383 3540 567 3622 Simplicius
591 3561 631 3607 ex
650 3540 864 3606 Geminianae
888 3542 1045 3624 epitomes
1065 3550 1159 3624 parte
1179 3545 1305 3613 amissa

179 3649 352 3730 excerpsit,
377 3648 570 3713 Posidonius
599 3648 694 3713 docet
717 3649 953 3731 physiologiam
982 3652 1023 3715 ab
1048 3651 1228 3734 astrologia
1251 3653 1306 3721 ita

180 3756 319 3834 (11113113,
345 3761 381 3820 111
413 3755 471 3820 illa
503 3755 683 3838 materiem,
709 3756 866 3838 originem
900 3763 1070 3839 astrorum,
1101 3757 1220 3824 similia
1253 3759 1305 3826 iu·

180 3863 290 3944 daget,
306 3863 389 3927 baec
404 3862 436 3927 in
452 3867 557 3926 motus
572 3882 681 3927 eorum
702 3866 736 3927 31
756 3862 932 3928 distantias
951 3869 985 3928 et
1004 3865 1123 3929 formas
1142 3865 1304 3953 inquirat3

180 3968 280 4034 nihilo
304 3969 408 4034 minus
432 3970 518 4034 baud
542 3989 615 4034 raro
640 3968 673 4033 in
698 3970 812 4034 eadem
837 3990 871 4034 re
896 3976 1066 4050 utramque
1096 3977 1201 4037 artem
1230 3994 1306 4056 pro-

181 4076 347 4140 ferendam
384 4095 464 4142 esse.
530 4077 625 4141 Hanc
660 4076 856 4142 senteutiam
899 4097 919 4141 a
960 4077 1150 4160 philosopho
1193 4082 1305 4161 operis

182 4182 422 4264 meteorologici
446 4183 539 4248 initio
564 4183 719 4264 scriptam
743 4202 814 4247 esse
847 4189 880 4248 et
908 4203 967 4264 per
991 4203 1025 4249 se
1048 4185 1226 4251 verisimile
1252 4195 1305 4255 est

184 4295 217 4354 et
249 4309 286 4354 eo
319 4292 485 4371 probatur,
520 4291 603 4370 quod
628 4290 771 4355 Achilles
805 4310 875 4354 eam
909 4299 1023 4371 capr
1059 4292 1138 4374 (Τίνι
1163 4294 1305 4378 διαφέρει

182 4399 389 4480 μαθηματικὴ
414 4399 650 4482 φυσιολογίας)
676 4397 821 4464 breviter
844 4397 961 4462 reddit.
