2760 4852
1218 366 1265 434 35

143 566 319 634 Manilium
341 570 382 635 de
406 573 496 634 terra
520 569 623 652 magis
647 590 742 649 quam
768 569 807 635 de
831 571 948 635 mumlo
972 572 1112 637 locutum
1137 591 1208 637 esse
1226 611 1266 618 —

145 680 326 757 propterea
359 674 500 742 fortasse
543 677 603 742 hoc
645 675 738 758 fecit,
781 678 864 757 quod
906 677 1046 742 indoctis
1087 678 1268 744 hominibus

145 780 324 849 lavendum
357 802 428 849 esse
462 788 621 849 censeret.
667 786 786 850 Varias
819 784 1051 864 habitationes
1084 786 1124 850 de
1155 786 1269 865 quibus

144 887 357 957 Posidonium
388 890 486 956 multo
517 895 591 972 post
624 890 744 957 dixisse
774 890 860 956 infra
891 892 1072 973 ostendam,
1103 898 1202 973 poeta
1231 912 1268 956 eo

145 996 294 1080 consilio,
318 998 441 1080 opinor,
465 997 540 1062 huic
567 997 656 1079 parti
685 997 822 1083 addidit,
847 1005 884 1065 ut
913 1001 975 1064 hac
1005 999 1134 1064 ratione
1159 1004 1268 1064 terrae

144 1100 287 1170 formam
310 1105 476 1189 globosam
501 1104 690 1170 illustraret.
1043 1174 1046 1179 ,

239 1212 372 1277 Partem
401 1212 539 1278 alteram
564 1212 702 1278 omnium
727 1212 847 1294 optime
870 1213 1018 1279 serravit
1045 1212 1209 1294 Geminus,
1236 1217 1270 1276 et

145 1317 249 1384 valde
286 1319 457 1384 dolendum
495 1324 556 1400 est,
595 1319 679 1399 quod
715 1339 778 1384 non
817 1319 879 1385 nisi
919 1321 1001 1384 haec
1043 1324 1268 1401 excerptorum

144 1424 296 1505 reliquiis
313 1425 467 1491 traditur.
503 1425 536 1491 Si
556 1445 666 1492 verum
688 1430 748 1508 est,
769 1425 853 1505 quod
873 1427 966 1490 modo
982 1426 1060 1507 dixi,
1076 1425 1270 1491 Posidonius

144 1527 282 1599 ineunte
305 1534 369 1599 hac
391 1536 487 1615 parte
511 1533 551 1598 de
576 1534 665 1599 caelo
689 1533 843 1598 nonnulla
866 1533 1007 1614 scripsit.
1049 1533 1187 1619 Deinde,
1207 1532 1270 1597 nisi

144 1633 257 1721 fallor,
290 1640 330 1705 de
363 1640 530 1705 stellarum
565 1645 685 1705 natura
719 1639 788 1723 egit
821 1637 952 1723 (Achill.
987 1659 1080 1721 capp.
1116 1638 1270 1725 10-14).

145 1740 241 1810 Ordo
264 1765 381 1828 eorum,
407 1765 490 1826 quae
514 1753 679 1828 secuntur,
703 1746 831 1812 Gemini
856 1751 890 1812 et
912 1746 1041 1811 Manilii
1071 1746 1270 1811 anctoritate

144 1849 236 1916 satis
258 1857 397 1918 constat.
443 1853 587 1919 Locutus
612 1858 663 1919 est
686 1852 895 1934 philosophus
921 1852 1074 1934 deinceps

795 1959 989 2025 Geminus:
1058 1958 1256 2025 Manilius:

146 2059 196 2126 de
219 2067 322 2132 stellis
343 2066 564 2132 inerrantibus

246 2191 272 2237 a.
294 2175 335 2239 de
357 2173 492 2239 zodiaco
532 2227 759 2240 ......
781 2180 892 2255 cap]
1032 2174 1059 2255 l,
1085 2179 1260 2240 256-274

245 2280 273 2345 b.
295 2283 335 2347 de
358 2281 542 2347 borealibus
579 2334 762 2347 .....
783 2300 853 2362 cap.
879 2288 897 2345 2
922 2281 1005 2344 med.
1082 2286 1256 2345 294-372

246 2405 270 2451 c.
293 2388 333 2454 de
357 2389 585 2454 australibus.
623 2441 629 2454 .
668 2441 674 2454 .
713 2441 718 2453 .
757 2407 854 2470 ‚cap
881 2395 899 2452 2
924 2387 978 2453 fin.
1084 2393 1258 2452 373-442

147 2481 197 2548 <le
222 2509 280 2559 axe
302 2501 335 2561 et
358 2495 441 2577 polis
488 2547 761 2562 .......
783 2514 853 2575 cap.
879 2500 897 2558 3
1085 2500 1257 2559 275-293

149 2586 197 2653 de
221 2597 344 2668 circulis
368 2601 452 2667 caeli
489 2655 760 2668 .......
782 2621 852 2682 cap.
878 2605 899 2664 4
1084 2605 1269 2664 bol-804.

244 2704 304 2773 Cur
332 2708 486 2774 Manilius
517 2727 609 2773 axem
641 2709 705 2773 alio
735 2709 805 2773 loco
833 2707 989 2790 posuerit,
1014 2725 1114 2788 supra
1142 2706 1270 2771 ostendi

147 2813 186 2874 1)-
212 2810 262 2877 10.
286 2853 324 2862 -
350 2814 495 2880 Achilles
519 2820 593 2896 post
617 2816 731 2880 stellas
756 2820 905 2880 errantes
932 2834 1025 2896 capp.
1051 2819 1178 2878 22-27
1213 2812 1271 2877 cir-

147 2906 248 2995 culos
279 2942 349 3004 cap.
379 2928 420 2987 28
450 2941 544 2985 axem
577 2927 611 2986 et
643 2923 734 3002 polos
767 2921 932 3002 describit,
967 2921 1025 2986 sed
1057 2939 1120 2985 non
1155 2919 1271 2983 desunt

144 3017 292 3105 vestigia
318 3027 529 3094 Posidoniani
564 3028 695 3093 ordinis.
742 3029 893 3093 llxennte
923 3048 994 3109 cap.
1020 3034 1076 3108 21,
1102 3026 1187 3105 quod
1219 3031 1271 3090 est

141 3120 211 3198 περὶ
248 3139 392 3220 σελήνης,
425 3134 564 3199 strictim
598 3154 767 3217 supremae
799 3136 960 3216 sphaerae
989 3134 1103 3198 stellas
1133 3130 1270 3214 attingit

138 3221 175 3333 ei
192 3243 319 3309 narius
342 3243 452 3310 verbis
477 3243 549 3308 axis
573 3241 792 3307 definitionem
822 3239 1076 3322 comprehendit.
1122 3239 1202 3303 Inde
1227 3238 1269 3302 ad

136 3337 286 3416 cllmculos
309 3350 439 3416 transit.
465 3389 505 3397 -
530 3349 828 3416 Pseudaristoteles
859 3368 955 3413 unum
980 3366 1050 3412 eum
1075 3346 1189 3426 locum,
1215 3343 1269 3424 qni

132 3436 180 3494 esi
201 3444 265 3522 de
288 3476 360 3540 axe,
381 3477 422 3522 ex
445 3463 540 3539 parte
565 3458 671 3521 altera
695 3454 833 3536 sumpsit
853 3459 886 3520 et
905 3453 1005 3535 capiti
1030 3460 1048 3518 2
1073 3451 1269 3532 interposuit

130 3528 170 3611 (p.
192 3550 281 3629 391
306 3566 327 3630 b
354 3570 393 3629 19
423 3564 520 3650 sqq).
581 3562 778 3627 Circulornm
817 3563 894 3626 ordo
933 3561 1020 3643 apud
1058 3563 1268 3639 excerptores

127 3633 293 3736 Graeeos
325 3676 358 3736 et
390 3676 521 3752 poetam
551 3670 730 3734 Romanum
761 3668 910 3735 diversus
943 3673 1003 3733 est.
1056 3664 1201 3730 Achilles
1233 3670 1268 3729 et

122 3737 300 3842 Manilius
319 3782 474 3857 quattuor
493 3796 615 3859 genera
634 3780 805 3857 separant:
825 3776 1002 3857 parallelos
1022 3773 1052 3859 (I
1066 3774 1121 3854 M,
1136 3772 1186 3836 ΠΙ
1199 3770 1265 3856 Α.),

122 3852 274 3949 ⁰⁰¹111es
306 3884 353 3969 (rr
383 3885 438 3966 m,
465 3884 512 3948 rr
535 3883 600 3967 a),
634 3882 768 3948 mounes
802 3882 866 3966 (m
895 3882 950 3964 m,
981 3878 1086 3965 rx),
1121 3878 1266 3958 obliquos

122 3950 177 4034 (IV
219 3980 287 4072 M,
314 3991 349 4056 H
373 3990 437 4076 A).
491 3989 646 4055 Geminus
676 3990 760 4054 hanc
791 3988 1035 4070 dispositionem
1063 4005 1128 4051 non
1157 3989 1265 4068 curat;

119 4060 257 4180 lone„
285 4097 351 4163 illis
380 4098 481 4162 multo
513 4095 750 4161 consideratius
777 4096 864 4177 agit:
888 4098 1015 4159 tractat
1045 4093 1181 4175 primum
1210 4112 1265 4158 eos

122 4186 298 4287 clrelllos,
332 4203 386 4284 qni
419 4208 526 4269 certos
564 4203 597 4268 in
630 4221 780 4284 suprema
811 4203 951 4282 sphaera
981 4201 1068 4264 locos
1107 4200 1264 4280 obtinent,

123 4293 331 4393 parallelos,
348 4310 485 4391 coluros,
505 4309 687 4391 zodiacum3
708 4307 824 4373 deiude
849 4326 914 4389 eos
935 4305 990 4386 qui
1015 4307 1058 4371 ad
1081 4325 1263 4388 supremam
