2760 4852
192 354 239 421 36

190 559 362 638 sphaeram
386 557 561 638 pertinent,
587 557 644 620 sed
667 555 801 621 mobiles
825 559 911 636 sunt,
933 554 1118 635 mutabiles3
1143 556 1310 634 postremo

191 683 271 744 eum,
304 664 358 743 qui
390 663 476 728 infra
505 664 613 728 lunam
646 661 799 744 volvitur,
831 663 981 727 lacteum.
1034 662 1129 724 Hunc
1162 658 1311 723 ordinem

190 770 363 835 Posidonio
383 769 526 834 tribuere
546 788 610 834 non
629 768 750 851 dubito,
772 768 825 848 qui
844 769 1024 848 ubicunque
1044 787 1064 832 a
1087 765 1311 849 superioribus

189 876 305 957 incipit
342 882 376 942 et
415 876 567 958 deinceps
604 876 758 941 inferiora
798 875 1013 957 persequitur.
1078 873 1233 939 Manilius
1277 878 1312 937 et

190 983 334 1048 Achilles
365 982 547 1064 philosophi
580 982 809 1048 auctoritatem
840 981 1011 1062 reliquisse
1043 980 1207 1062 videntur,
1239 979 1311 1046 sive

191 1090 276 1170 quod
296 1089 419 1155 ordinis
438 1089 598 1155 rationem
614 1109 676 1154 non
696 1089 943 1172 intellegebant,
963 1088 1033 1154 sive
1053 1088 1138 1167 quod
1154 1091 1312 1167 quattuor

191 1198 364 1279 generibus
388 1195 627 1278 comprehensis
659 1196 886 1278 speciosiorem
915 1195 1114 1261 substituere
1142 1195 1311 1260 volebant.

192 1304 246 1370 Sic
268 1303 391 1370 iactum
410 1308 470 1386 est,
486 1308 523 1368 ut
541 1302 694 1368 Manilius
717 1308 887 1382 utrumque
912 1302 1084 1383 obliquum,
1110 1307 1144 1366 et
1166 1301 1311 1366 lacteum

192 1419 226 1477 et
257 1411 434 1492 zodiacum,
468 1429 574 1493 sensu,
608 1431 671 1476 non
703 1412 772 1476 sola
807 1415 916 1475 mente
954 1408 1042 1475 cerni
1075 1408 1201 1474 diceret
1241 1406 1312 1492 (vv,

192 1523 377 1600 out—680,
417 1517 615 1602 710-704),
652 1538 722 1583 cum
752 1518 944 1583 Posidonius
981 1517 1081 1583 multo
1119 1515 1239 1597 aptius,
1276 1519 1314 1578 ut

191 1625 269 1690 mihi
288 1625 428 1707 videtur,
448 1645 545 1691 unum
566 1627 675 1691 orbem
697 1627 838 1691 lacteum
859 1626 900 1690 ab
925 1626 972 1690 eis
995 1623 1124 1690 circulis
1143 1627 1313 1706 segregat,

191 1732 245 1812 qui
269 1734 328 1797 sub
353 1737 521 1814 aspectum
541 1752 603 1797 non
625 1733 746 1797 cadunt
766 1731 872 1817 (Gem.
889 1752 960 1813 cap.
977 1731 1024 1796 IV
1042 1730 1123 1816 fin).
1165 1728 1313 1794 Achilles

193 1859 264 1903 eam
294 1838 504 1920 sententiam,
530 1838 562 1902 in
587 1859 651 1918 qua
674 1838 826 1904 Manilius
850 1843 915 1920 est,
941 1858 1012 1920 cap.
1038 1844 1078 1904 22
1107 1837 1160 1902 fin.
1185 1837 1313 1918 laudat,

193 1946 250 2011 sed
280 1944 350 2025 ipse
381 1964 401 2009 a
424 1944 597 2009 Posidonio
633 1964 695 2009 non
725 1945 878 2010 dissentit
910 1943 996 2029 (cap.
1022 1950 1064 2009 24
1091 1944 1134 2010 in.
1160 1949 1194 2009 et
1217 1944 1238 2007 l.
1264 1943 1313 2029 1,).

282 2053 333 2116 Ab
379 2052 429 2134 iic,
473 2071 555 2132 quae
603 2053 644 2116 ad
690 2071 872 2133 supremam
918 2053 1090 2133 sphaeram
1134 2051 1314 2133 pertinent,

194 2159 417 2225 descendimus
438 2159 479 2223 ad
498 2160 659 2240 planetas.
694 2158 851 2224 Nimirum
870 2158 964 2224 initio
984 2164 1108 2240 septem
1126 2159 1184 2224 illa
1204 2158 1316 2223 sidera

195 2271 425 2332 enumerantur
462 2263 587 2349 (Manil.
623 2267 650 2347 I,
688 2271 873 2347 eoa—812,
912 2267 992 2331 Aclr.
1028 2285 1121 2348 capp.
1157 2269 1315 2351 15—17).

195 2374 290 2454 Apud
310 2373 480 2439 Geminum
499 2374 583 2438 hunc
598 2373 702 2438 locum
722 2391 793 2453 cap.
816 2373 995 2454 llegimus.
1030 2371 1175 2454 Exponit
1189 2377 1315 2454 auctor,

196 2500 253 2544 cur
285 2482 332 2545 sol
365 2481 518 2560 aequales
550 2478 677 2545 zodiaci
709 2489 821 2560 partes
853 2479 1078 2559 inaequalibus
1115 2480 1317 2562 temporibus

196 2592 376 2668 percurrat.
432 2586 504 2669 Qua
537 2587 577 2651 de
610 2604 709 2652 causa
742 2585 844 2651 ceteri
876 2587 1030 2667 planetae
1062 2586 1147 2652 idem
1177 2586 1315 2667 faciant,

197 2693 270 2757 aliis
293 2693 386 2758 libris
410 2712 444 2758 se
469 2694 709 2759 declaraturum
733 2711 805 2758 esse
823 2693 995 2774 promittit.
1033 2695 1085 2760 Ex
1103 2694 1154 2760 his
1174 2703 1317 2776 apparet

199 2800 474 2865 enumerationem
498 2799 587 2864 illam
606 2819 670 2865 non
688 2799 782 2864 huius
805 2799 867 2865 loci
892 2819 973 2882 esse,
995 2807 1218 2884 excerptorem
1242 2820 1316 2866 eam

198 2906 397 2971 incommode
419 2905 494 2971 huic
518 2905 619 2987 capiti
647 2905 832 2972 inseruisse.
856 2906 1034 2973 —Secuta
1058 2927 1129 2974 esse
1150 2908 1317 2990 uidentur,

200 3032 282 3091 quae
316 3013 355 3077 de
388 3031 504 3095 magno
541 3031 624 3077 anno
661 3012 714 3092 qui
749 3011 868 3078 dicitur
903 3015 1093 3095 exponenda
1128 3020 1224 3080 erant
1260 3013 1317 3099 (cf.

198 3118 316 3183 Achill.
341 3138 410 3200 cap.
439 3120 504 3204 18).

286 3226 408 3291 Rerum
431 3226 621 3292 caelestium
644 3231 772 3307 partem
795 3227 953 3307 reliquam
977 3232 1080 3293 totam
1109 3228 1142 3292 in
1171 3228 1319 3294 ordinem

199 3332 347 3414 digerere
371 3352 434 3396 non
452 3351 630 3415 possumus,
651 3353 722 3398 cum
741 3333 872 3399 nimium
896 3334 1028 3400 intersit
1051 3334 1137 3400 inter
1155 3335 1317 3401 Achillem

200 3444 233 3503 et
266 3439 443 3504 Geminum.
499 3440 660 3519 Pleraque
693 3440 726 3504 in
758 3440 881 3506 incerto
911 3441 1125 3521 relinquenda
1157 3447 1243 3508 sunt.
1276 3482 1320 3490 -

199 3544 339 3610 Uber-ius
358 3545 551 3611 Posidonius
575 3548 705 3611 desole
730 3547 869 3613 dicebat.
907 3550 979 3614 Huc
1003 3549 1170 3630 pertinent
1189 3550 1322 3616 Gemini

200 3670 270 3732 cap.
297 3659 314 3715 5
339 3654 408 3733 περὶ
431 3656 554 3735 ἡμέρας
582 3655 635 3717 καὶ
664 3656 786 3728 νυκτός,
809 3654 946 3720 Achillis
970 3674 1041 3736 cap.
1069 3662 1108 3721 19
1132 3657 1204 3739 περὶ
1228 3658 1320 3740 ἡλίου

200 3762 235 3821 et
254 3764 295 3821 20
319 3759 390 3840 περὶ
412 3761 572 3840 μεγέθους
595 3762 695 3843 ἡλίου,
721 3781 761 3826 ea
780 3781 905 3841 quoque
930 3763 1035 3843 credo,
1057 3782 1139 3842 quae
1160 3763 1321 3846 epitomes

201 3862 414 3929 Geminianae
439 3884 509 3946 cap.
533 3873 549 3931 1
576 3867 615 3931 de
639 3868 705 3931 sole
729 3887 787 3948 per
810 3868 977 3934 zodiacum
1002 3875 1132 3935 meante
1156 3869 1321 3937 dicuntur.

202 3969 262 4054 (ef.
287 3970 392 4034 Blass
418 3971 438 4036 l.
463 3972 483 4036 l.
508 3992 539 4053 p.
565 3979 617 4055 21,
643 3973 697 4053 qui
720 3973 859 4056 dubitat,
884 3995 959 4040 num
983 3996 1042 4057 per
1065 3981 1138 4042 tota
1162 3986 1322 4060 excerpta

201 4076 411 4141 Geminianus
443 4079 520 4143 ordo
552 4088 701 4148 servatus
731 4079 800 4166 sit.)
826 4081 1018 4147 -Deinde
1046 4083 1088 4148 ad
1115 4083 1226 4148 lunam
1249 4103 1322 4166 per-

202 4182 356 4248 venimus
401 4186 517 4249 Aclrill.
539 4207 608 4267 cap.
631 4195 669 4252 21
695 4188 765 4269 περὶ
789 4190 929 4273 σελήνης,
954 4187 1079 4254 Gemin.
1100 4209 1193 4272 capp.
1215 4192 1322 4273 ὅπερὶ

200 4296 322 4372 μηνῶν,
356 4298 371 4354 7
404 4294 476 4374 περὶ
507 4294 637 4377 σελήνης
667 4300 854 4376 φωτισμῶν,
885 4301 904 4359 8
934 4297 1005 4378 περὶ
1035 4297 1207 4378 ἐκλείψεως
1229 4297 1320 4378 ἡλίου
