2760 4852
1193 352 1236 421 11

121 559 143 622 l.
165 559 186 622 l.
208 579 236 638 p.
262 564 310 622 18.
365 559 495 622 Revera
519 559 668 639 Canopus
691 559 789 623 stella
812 558 844 622 in
869 559 1011 623 Graecia
1035 558 1240 639 conspicitur,

123 666 209 744 qrrod
234 669 311 729 ante
336 665 541 730 Posidonium
566 666 772 746 Hipparchus
796 670 886 731 recte
911 667 1076 730 docuerat.

214 773 335 836 Versus
374 779 435 836 393
475 791 522 851 sq.
561 771 668 836 media
705 772 792 836 inter
828 774 953 837 Aratea
990 772 1241 836 Posidonianam

123 878 306 943 doctrinam
330 878 506 944 continent.
549 878 649 943 Orion

169 987 245 1069 ‚Per
268 985 334 1049 tria
358 985 515 1051 subducto
540 985 689 1068 signatur
712 986 833 1050 lumina
857 987 959 1067 vultu,

170 1093 239 1156 Non
264 1093 348 1171 quod
371 1093 462 1156 clara
481 1092 594 1173 minus
616 1092 673 1156 sed
698 1084 902 1174 quod'magis
927 1093 996 1156 alta
1019 1094 1196 1158 recedant‘

214 1198 406 1263 Posidonius
427 1199 522 1262 (locet
539 1199 654 1263 stellas
674 1199 765 1281 fixas,
786 1218 920 1278 quarum
936 1218 1086 1280 suprema
1101 1201 1242 1280 sphaera
1282 1200 1284 1204 ’

124 1311 186 1386 est,
207 1325 269 1369 non
290 1325 398 1370 omnes
418 1305 551 1386 paribus
570 1305 754 1371 intervallis
778 1324 798 1369 a
822 1312 912 1370 terra
932 1305 1066 1388 distare,
1086 1307 1143 1372 sed
1169 1305 1242 1371 aliis

125 1412 209 1477 alias
233 1412 368 1477 altiores
392 1431 472 1477 esse.
520 1412 567 1477 (li.
591 1412 716 1477 Gemin.
740 1410 843 1476 411.ι

216 1519 414 1601 Similitudo,
453 1539 536 1598 quae
575 1526 627 1584 est
667 1518 801 1584 carmini
837 1519 984 1583 Bouiano
1026 1539 1096 1584 orum
1134 1518 1242 1583 libello

124 1629 263 1707 Graeco,
288 1647 350 1692 non
375 1626 786 1709 efl'ugitLarrsouum,q11i
809 1626 922 1707 paucis
952 1625 1069 1690 abhinc
1093 1623 1186 1690 annis
1210 1631 1244 1690 et

126 1734 167 1797 de
192 1733 265 1798 aliis
296 1735 509 1815 1·ebus,quae
540 1735 583 1798 ad
605 1734 773 1799 Manilium
804 1734 980 1817 pertinent,
1006 1741 1040 1799 et
1068 1735 1108 1799 de
1135 1734 1243 1799 indole

125 1840 196 1905 eius
229 1840 446 1905 astronomica
479 1847 513 1905 et
549 1841 774 1923 philosophica
807 1839 906 1924 egit2.
964 1841 1029 1908 Sed
1063 1841 1145 1906 ialso
1182 1843 1244 1906 hac

126 1968 168 2012 ex
202 1967 238 2012 re
276 1947 433 2013 conclusit
464 1947 631 2013 Manilium
670 1948 857 2014 adhibuisse
896 1947 1024 2014 Gemini
1062 1945 1244 2029 excerpta³.

125 2056 208 2119 Nam
234 2054 304 2134 quus
323 2056 461 2136 probare
487 2060 598 2136 potest
616 2055 784 2121 Geminum
810 2060 887 2120 ante
911 2060 1041 2136 poetam
1065 2055 1243 2119 Romanum

126 2161 252 2226 luisse?
295 2161 423 2227 Primus
458 2163 646 2228 Alexander
678 2162 944 2244 Aphrodisiensis
982 2168 1138 2243 excerpta
1175 2162 1244 2227 eius

126 2265 308 2333 latrdavith
326 2307 365 2313 —
384 2269 505 2333 Contra
519 2269 687 2334 Posidonii
699 2269 801 2351 ipsius
817 2290 917 2351 opera
931 2269 1086 2334 Manilius
1101 2269 1244 2334 studiose

127 2374 319 2456 cognovisse
351 2375 496 2458 videtur,
530 2396 604 2441 nam
637 2396 700 2442 lion
736 2379 837 2442 solum
877 2376 1057 2442 doctrinam
1090 2381 1246 2441 meteoro-

126 2481 266 2563 logicam
300 2502 320 2546 a
349 2482 539 2564 philosopho
570 2487 736 2548 mutuatus
767 2489 831 2566 est,
863 2485 920 2549 sed
952 2483 1050 2548 etiam
1081 2484 1244 2565 nonnulla,

128 2609 212 2668 quae
246 2589 287 2653 ad
321 2589 555 2655 divinationem
587 2590 769 2673 pertinent,
802 2611 842 2656 en
875 2591 944 2656 eius
977 2590 1059 2655 libro
1097 2590 1244 2671 sumpsit,

128 2696 183 2776 qui
208 2695 447 2761 inscribebatur
472 2700 552 2780 ,περὶ
574 2695 767 2781 μαντικῆςίῑ).

218 2803 348 2868 Summa
396 2803 497 2886 igitur
548 2805 642 2870 huius
689 2804 793 2886 partis
844 2812 895 2870 est
944 2806 1039 2870 haec:
1094 2803 1247 2869 Manilius

127 2910 214 2975 sicut
241 2909 396 2976 Geminus
426 2911 592 2976 Posidonii
623 2932 716 2994 opuS,
751 2913 835 2992 quod
867 2922 939 2978 erat
966 2914 1036 2995 περὶ
1062 2913 1246 2996 μετεώρων,

127 3016 287 3082 adhibuit.

220 3320 230 3356 ¹
250 3320 387 3375 Posidonii
412 3322 445 3375 de
471 3321 557 3375 stellis
583 3321 764 3375 inerrantihus
788 3321 936 3375 doctrinam
956 3320 1076 3374 Blassius
1094 3321 1112 3374 l.
1131 3320 1149 3373 l.
1169 3337 1195 3386 p.
1217 3320 1247 3370 17

129 3410 229 3464 ceteris
256 3425 360 3477 quoque
386 3410 483 3464 Stoicis
514 3411 684 3464 tribuendam
717 3427 774 3464 esse
805 3416 892 3478 putat,
919 3426 984 3463 cum
1008 3411 1079 3477 apud
1105 3408 1248 3464 Stobaemn

128 3501 151 3565 I,
170 3501 223 3552 205
243 3501 287 3554 W.
313 3500 380 3552 haee
405 3499 538 3568 legamus:
565 3503 601 3567 ,οἱ
625 3501 654 3553 δὲ
676 3501 748 3553 ἄλλοι
768 3501 885 3554 Στωϊκοὶ
910 3500 962 3567 πρὸ
988 3507 1041 3551 τῶν
1067 3500 1164 3566 ἑτέρων
1189 3497 1249 3555 τοὺς

129 3590 234 3656 ἑτέρους
253 3589 280 3641 ἓν
299 3590 362 3657 ὕψει
382 3591 427 3642 καὶ
445 3590 524 3659 βάθει
553 3595 598 3657 (so.
618 3593 724 3644 κεῖσθαι
752 3591 812 3649 τοὺς
839 3590 967 3658 ἀστέρας).
1015 3589 1067 3642 Sed
1092 3602 1249 3652 1616013116

129 3680 181 3732 hoc
207 3678 266 3731 loco
293 3695 347 3731 non
374 3679 459 3732 solum
487 3680 519 3732 de
546 3679 735 3745 inerrantihus,
755 3681 801 3733 sed
830 3681 911 3734 etiam
936 3679 968 3732 de
993 3679 1111 3746 planetis
1137 3694 1180 3730 res
1206 3676 1248 3729 sit.

129 3769 164 3821 V.
190 3767 251 3821 Aet.
277 3768 346 3835 plac.
372 3769 407 3834 ΙΙ,
435 3769 465 3821 15
491 3768 584 3836 (Diels.
610 3769 669 3822 dcx.
695 3786 720 3836 p.
740 3771 812 3837 344).
857 3770 897 3823 Os.
922 3768 1019 3833 Zeller‚
1047 3768 1147 3821 Philus.
1166 3767 1202 3831 ll,
1225 3766 1250 3818 1⁴

131 3858 200 3910 1025
220 3873 262 3909 an.
277 3858 302 3909 4.

222 3946 232 3975 ²
250 3947 292 3999 De
311 3947 421 3999 Manilio
439 3951 520 4015 poeta
540 3947 648 4013 eiusque
666 3947 783 4016 ingenio.
820 3947 899 4001 Paris
920 3949 996 4001 1887.

222 4034 268 4088 ³1.
287 4035 305 4089 l.
324 4053 349 4103 p.
369 4036 403 4088 55
422 4052 477 4102 sqq.

221 4124 328 4179 “Blass
346 4124 364 4178 l.
384 4125 401 4178 l.
420 4142 445 4192 p.
465 4127 507 4179 25.

223 4215 292 4267 ⁵De
311 4214 361 4267 hae
380 4230 409 4267 re
427 4215 489 4268 vide
509 4231 648 4269 excursum
667 4217 687 4269 Ι.
