2760 4852
123 550 259 614 Tertius
286 549 318 614 iu
347 549 454 613 media
478 550 587 615 muudi
612 569 659 614 re-

171 656 267 738 gione
290 653 434 721 1οσιι1ιιε1

124 763 256 846 lugenti
267 763 356 844 spire
365 768 466 828 tetum
476 763 660 846 praecingit

172 870 342 951 Olympum

126 1084 229 1147 Parte
276 1084 316 1147 ab
364 1088 501 1162 utraque
547 1081 662 1148 videus

174 1209 283 1271 uxe1u3
304 1208 366 1269 quo
385 1189 496 1254 limine
513 1190 662 1256 Phoebus

127 1297 299 1377 Coiupeuit
343 1296 477 1377 paribus
522 1297 664 1362 numeris

175 1407 365 1482 noctemque
389 1402 537 1483 diemque

128 1509 225 1574 Veris
263 1517 297 1574 et
342 1510 488 1575 autumni
530 1529 664 1576 currens

175 1638 233 1698 per
257 1624 404 1699 tempora
429 1617 540 1699 mixta,

129 1726 208 1789 Cuiu
233 1723 372 1789 inedium
399 1723 529 1803 aequali
553 1723 664 1789 distin-

176 1831 248 1914 guit
270 1831 388 1896 huuiue
414 1832 547 1913 caeluni,

130 1939 293 2020 Quattuor
312 1944 346 2003 et
365 1938 521 2020 gradibus
535 1956 594 2003 sua
608 1938 665 2003 fila

177 2044 304 2110 reducit
328 2046 368 2109 ab
394 2048 496 2110 aestu.

131 2368 304 2433 Proximus
313 2368 397 2433 hune
409 2369 497 2433 ultra
512 2367 667 2433 brumalis

177 2461 305 2539 numine
329 2475 463 2557 eiugeus

132 2582 258 2647 Ultima
308 2583 461 2665 designat
511 2582 668 2666 fulgentis

178 2688 300 2753 lumina
324 2689 411 2770 suliS,

130 3007 291 3086 Iuviaque
329 3007 460 3087 obliqua
501 3007 665 3073 radiorum

177 3134 313 3180 munera
335 3113 464 3180 flamma

130 3223 201 3286 Dat
219 3241 278 3304 per
297 3222 362 3287 iter
375 3221 539 3287 minimum
554 3222 663 3306 uobis;

131 3745 197 3804 588
222 3737 343 3817 Bisque
370 3737 458 3804 iacet
476 3737 560 3804 binis
584 3758 666 3805 sum·

174 3850 284 3911 motus
306 3845 456 3927 partibus
479 3845 576 3911 orbiu

126 4065 345 4073 .—-.-—-——

761 767 801 826 14
824 763 864 826 Ι).
899 762 1089 844 Ἰσημερινὸς
1120 763 1155 824 δέ
1185 764 1246 825 ἐστι

713 871 830 939 κύκλος
854 871 872 932 ὁ
894 871 1041 952 μέγιστος
1068 874 1133 932 τῶν
1156 870 1247 932 πέντε

713 977 924 1060 παραλλήλων
947 977 1075 1039 κύκλων
1100 1026 1106 1037 .
1133 1025 1140 1038 .
1165 1026 1171 1038 .

764 1195 804 1254 14
828 1190 866 1254 Ε.
891 1187 943 1272 ἐφ’
975 1187 1013 1252 οὗ
1039 1190 1206 1271 γενόμενος
1230 1191 1248 1251 ὁ

716 1297 803 1380 ἥλιος
826 1297 881 1366 τὰς
903 1297 1070 1378 ἰσημερίας
1092 1303 1231 1369 ποιεῖται,

761 1512 818 1592 τήν
856 1535 888 1573 τε
930 1509 1059 1592 ἐαρινὴν
1099 1510 1153 1572 καὶ
1193 1509 1250 1591 τὴν

718 1619 971 1700 φθινοπωρινήν.

767 1944 804 2002 19
830 1938 863 2002 O.
891 1939 909 2000 ὁ
934 1938 968 2001 ὁὲ
991 1936 1171 2019 ἰσημερινός
1195 1938 1252 2018 ἀφ’

720 2047 872 2128 ἐκατέρου
902 2050 967 2107 τῶν
995 2050 1156 2126 τροπικῶν
1180 2045 1251 2126 ἑξη-

721 2153 820 2216 κοοτά
845 2153 872 2215 δ’
898 2149 958 2235 (se.
981 2149 1116 2234 ἀπέχει).

769 2587 808 2646 15
833 2581 872 2646 A.
896 2580 972 2662 μετὰ
1000 2581 1108 2662 μέντοι
1136 2604 1169 2661 γε
1199 2580 1256 2661 τὴν

721 2688 897 2770 χειμερινὴν
914 2686 1034 2769 τροπὴν
1053 2687 1157 2749 οὐκέτι
1173 2686 1255 2768 πρὸς

719 2796 923 2878 μεσημβρίαν
938 2794 1157 2876 παροδεύωνὸ
1168 2794 1254 2877 ἥλιος

719 2903 896 2985 θεωρεῖται.

766 3013 807 3073 14
818 3009 857 3072 Ε.
875 3006 908 3092 (ὁ
920 3007 1095 3091 χειμερινὸς
1103 3007 1255 3090 τροπικὰς

719 3114 851 3200 κύκλος)
885 3116 936 3197 ἐφ’
967 3113 1006 3178 οὗ
1038 3115 1204 3196 γενόμενος
1235 3115 1253 3178 ὁ

719 3222 805 3306 ἥλιος
834 3223 891 3304 τὴν
926 3221 1104 3304 χειμερινὴν
1132 3221 1254 3303 τροπὴν

718 3336 870 3392 ποιεῖται·
895 3331 928 3392 ἐν
958 3327 980 3412 ᾗ
1003 3330 1022 3411 ἡ
1042 3329 1170 3411 μεγίστη
1194 3328 1254 3410 μὲν

718 3442 832 3500 πασῶν
867 3441 931 3499 τῶν
968 3436 1001 3498 ἐν
1038 3443 1083 3517 τῷ
1119 3435 1254 3516 ἐνιαυτῷ

719 3543 778 3616 νὺξ
815 3543 996 3615 ἐπιτελεῖται,
1034 3541 1175 3624 ἐλαχίστη
1219 3541 1253 3604 δὲ

719 3651 833 3733 ἡμέρα.

767 3764 805 3821 19
830 3757 863 3820 G.
893 3758 911 3820 ὁ
935 3757 969 3821 δὲ
992 3755 1170 3839 ίσημερινός
1192 3756 1250 3837 ἀφ’

720 3866 873 3946 ἑκατέρου
900 3869 965 3927 τῶν
992 3869 1156 3947 τροπικῶν
1179 3863 1249 3944 ἑξη-

860 3972 867 3990 Ι

871 4021 877 4032 ο

719 3970 814 4034 κοστά
842 3971 860 4033 ὁ

223 4132 231 4161 ¹
252 4130 292 4183 Of.
312 4130 603 4199 ΟΙεοαιθᾶθεκυκλικὴ
622 4133 725 4198 θεωρία
744 4147 769 4197 p.
788 4129 859 4182 201.
880 4129 912 4180 19
932 4127 973 4182 ed.
992 4127 1114 4197 Ziegler:
1135 4127 1179 4193 ,είς
1201 4124 1250 4193 μὲν

125 4222 200 4279 ὁεῖς
216 4221 266 4272 δύο
285 4221 327 4273 ἴσα
346 4221 447 4288 τέμνων
466 4221 509 4273 τὸν
527 4220 656 4287 οὐρανόν.
681 4221 705 4272 A
724 4219 866 4272 Cleomede
889 4224 979 4272 autem
998 4215 1038 4282 ,τὰ
1061 4216 1168 4270 πολλὰ.
1189 4257 1195 4269 .
1215 4255 1221 4268 ·
1243 4259 1250 4273 .

126 4320 184 4367 τῶν
203 4308 350 4377 εἰρημένων
368 4311 399 4364 ἐκ
419 4318 471 4365 τῶν
490 4311 672 4364 Ποσειδωνίου
691 4309 816 4377 είληπταί
835 4324 860 4375 p.
880 4310 940 4374 228,
959 4306 977 4360 l.
996 4308 1013 4358 4
1031 4306 1060 4359 Z.
