2760 4852
1185 354 1234 422 47

119 560 267 640 οὐρανὸν,
297 561 420 641 ὁμοίως
451 560 484 622 δὲ
513 610 519 621 .
553 608 559 623 .
591 610 597 621 .
625 560 679 622 καὶ
709 559 925 630 Ποσειδώνιος
955 561 988 622 ἐν
1020 561 1139 643 πρώτῳ
1168 561 1240 642 περὶ

117 669 226 730 θεῶν.ί
271 665 343 749 Qua
367 685 465 731 exre
490 670 638 748 apparet,
664 666 820 745 quomodo
842 665 995 731 Manilius
1019 669 1060 731 ab
1083 665 1134 748 iis,
1155 685 1238 746 qnae

117 775 188 839 sola
220 779 354 855 propter
386 777 610 855 argumentum
642 773 723 838 illud
754 775 794 838 ab
824 793 889 837 una
917 774 1059 854 sphaera
1086 793 1238 856 suprema

117 878 291 960 repetitum
322 879 429 944 dicere
459 877 489 943 ei
517 879 648 959 licebat,
679 878 721 943 ad
750 877 817 943 alia
848 878 977 944 delatus
1001 878 1054 943 sit.
1080 917 1122 924 -
1147 879 1239 945 Sicut

116 992 217 1068 poeta
239 1007 292 1052 vv.
317 991 493 1051 lac-494
521 985 633 1051 Cicero
664 986 704 1050 dc
736 987 823 1051 deor.
855 990 923 1050 nat.
947 985 989 1058 II,
1014 993 1056 1051 93
1080 986 1238 1052 adversus

116 1093 292 1175 Epicurum
322 1092 490 1159 dimicat¹:
523 1094 595 1174 ‚Hic
626 1113 685 1176 ego
714 1113 777 1158 non
808 1093 905 1158 mirer
934 1113 1005 1159 esse
1036 1113 1236 1177 quemquam,

117 1199 173 1280 qui
192 1201 253 1266 sibi
272 1201 472 1283 persuadeat
491 1219 628 1283 corpora
647 1202 805 1280 quaedam
827 1200 932 1266 solida
951 1205 1049 1280 atque
1068 1200 1238 1266 individua

114 1308 149 1374 vi
182 1314 216 1373 et
248 1308 414 1391 grauitate
446 1307 539 1381 ferri,
570 1308 785 1389 mundumque
816 1307 897 1373 effici
935 1307 1172 1372 ornatissimum
1203 1315 1237 1374 et

113 1415 364 1497 pulcherrimum
401 1436 441 1480 cx
478 1435 587 1482 eorum
625 1435 792 1497 corporum
831 1415 1040 1481 concursione
1077 1415 1235 1481 fortuita‘

114 1522 155 1587 cf.
182 1522 200 1609 ξ
225 1530 277 1587 97.

205 1631 295 1694 Haec
319 1629 425 1695 omnia
448 1629 642 1695 Posidonius
665 1629 697 1694 in
721 1630 813 1695 libris
836 1631 906 1713 περὶ
933 1631 1021 1694 θεῶν
1045 1628 1115 1695 sine
1139 1630 1235 1695 dubio

110 1737 261 1819 protulit,
275 1738 332 1803 sed
347 1737 455 1802 nescio
471 1757 512 1802 an
528 1737 680 1802 Manilius
698 1739 811 1803 eadem
827 1737 859 1802 in
872 1757 969 1818 opere
985 1738 1235 1820 meteorologico

109 1843 260 1911 invenire
284 1844 437 1926 potuerit.

526 2111 742 2178 Excursus
766 2111 821 2178 ΙΙ.

201 2274 293 2339 Nunc
316 2273 525 2355 inspiciamus
549 2259 622 2338 eam
637 2274 884 2339 Astronomioon
907 2279 1045 2356 partem,
1072 2275 1114 2339 ad
1138 2295 1234 2355 qriam

108 2380 365 2462 componendam
383 2385 482 2462 poeta
496 2379 592 2445 Arati
610 2400 739 2445 carmen
759 2378 935 2446 aubibuit2.
979 2381 1097 2446 Ooirfer
1113 2400 1233 2460 quaeso

108 2489 209 2553 haec:

259 2593 444 2659 Manilius
467 2595 496 2658 I:
887 2594 1044 2657 Aratus:

109 2707 176 2767 279
197 2701 285 2766 Aera
304 2720 362 2782 por
379 2701 520 2783 gelidum
538 2701 646 2766 tenuis

202 2807 373 2873 deducitur
397 2808 468 2872 axis
955 2879 958 2883 ,

107 2915 346 2993 Libratumque
384 2915 470 2997 regit
517 2915 645 2982 divorso
701 2921 741 2980 22
801 2916 1094 2997 excruciatorum
1109 2916 1230 2998 ἁπάντη

202 3020 333 3086 cardine
357 3022 505 3087 mundum
518 3045 525 3106 3
698 3022 858 3105 μεσσηγὺς
868 3029 959 3103 γαῖαν
971 3023 1041 3103 περὶ
1054 3022 1082 3084 d’
1094 3022 1232 3103 οὐρανὸς

788 3129 881 3198 αὐτὸς
904 3130 1004 3211 ἀγινεῖ

698 3238 754 3299 καί
766 3261 820 3319 μιν
838 3238 1030 3317 πειραίναυαι
1050 3236 1119 3299 δύα)
1137 3236 1231 3299 πόλοι

787 3343 1037 3425 ἄμφατέρωθεν;

108 3450 264 3515 Siderous
284 3451 371 3515 circa
390 3451 528 3515 medinm
551 3469 642 3529 inirem
701 3455 739 3513 19
768 3448 881 3532 Olario
898 3451 988 3532 ὁμῶς
1005 3449 1115 3520 πολέες
1132 3451 1230 3513 τεκαὶ

199 3558 343 3624 volvitur
366 3557 453 3623 orbis
786 3558 912 3626 ἄλλυδις
936 3558 1024 3619 ἄλλοι
1047 3557 1148 3627 ἐόντες

109 3665 354 3744 Aetllereosque
378 3669 468 3729 rotat
491 3683 616 3746 cursus3
699 3666 841 3747 αὐρανῶι
860 3665 999 3727 ἕλκονται
1016 3665 1108 3727 πάντ’
1123 3667 1228 3746 ἤματα

787 3772 914 3854 συνεχὲς
937 3773 1014 3834 αἰεί·

104 3917 321 3924 ---—.—-—-

201 4037 208 4066 ¹
227 4037 302 4090 llicls
321 4038 431 4106 doxogr.
450 4055 474 4106 p.
493 4040 536 4092 al.

198 4126 208 4155 2
225 4126 363 4192 MaassiuS,
384 4128 428 4192 qui
444 4128 493 4180 boc
507 4128 564 4194 ipso
579 4143 648 4180 anno
662 4125 741 4180 Arati
761 4127 950 4180 Phaenomena
971 4127 1064 4192 edidit,
1079 4127 1227 4194 annotavit,

105 4214 203 4281 quibus
230 4215 296 4268 locis
323 4216 449 4269 Manilius
476 4232 582 4269 casilien
610 4232 737 4284 graecum
765 4215 926 4269 adhibuerit.
972 4216 1032 4268 Non
1059 4215 1111 4268 nisi
1142 4233 1228 4283 patrea

104 4304 231 4358 addenda
249 4312 318 4358 sunt.
