<?xml version="1.0" encoding="UTF-8"?>
<!DOCTYPE html PUBLIC "-//W3C//DTD XHTML 1.0 Transitional//EN"
    "http://www.w3.org/TR/xhtml1/DTD/xhtml1-transitional.dtd">
<html xmlns="http://www.w3.org/1999/xhtml" xml:lang="en" lang="en">
 <head>
  <title>
</title>
<meta http-equiv="Content-Type" content="text/html;charset=utf-8" />
  <meta name='ocr-system' content='tesseract 3.04.00' />
  <meta name='ocr-capabilities' content='ocr_page ocr_carea ocr_par ocr_line ocrx_word'/>
</head>
<body>
  <div class='ocr_page' id='page_1' title='image "./deauctoribusqui01malcgoog_0042.png"; bbox 0 0 2760 4852; ppageno 0'>
   <div class='ocr_carea' id='block_1_1' title="bbox 1199 345 1247 413">
    <p class='ocr_par' dir='ltr' id='par_1_1' title="bbox 1199 345 1247 413">
     <span class='ocr_line' id='line_1_1' title="bbox 1199 345 1247 413; baseline 0.042 -2"><span class='ocrx_word' id='word_1_1' title='bbox 1199 345 1247 413; x_wconf 82' lang='lat'>39</span> 
     </span>
    </p>
   </div>
   <div class='ocr_carea' id='block_1_2' title="bbox 65 532 1253 1079">
    <p class='ocr_par' dir='ltr' id='par_1_2' title="bbox 65 532 1253 1079">
     <span class='ocr_line' id='line_1_2' title="bbox 65 532 1250 631; baseline 0 -20"><span class='ocrx_word' id='word_1_2' title='bbox 65 532 67 539; x_wconf 46' lang='lat'><strong>¹</strong></span> <span class='ocrx_word' id='word_1_3' title='bbox 121 546 205 629; x_wconf 84' lang='lat' dir='ltr'>apud</span> <span class='ocrx_word' id='word_1_4' title='bbox 231 545 401 612; x_wconf 78' lang='lat' dir='ltr'><strong>Senecam</strong></span> <span class='ocrx_word' id='word_1_5' title='bbox 429 546 667 627; x_wconf 86' lang='lat' dir='ltr'>paenultimo</span> <span class='ocrx_word' id='word_1_6' title='bbox 698 548 767 611; x_wconf 90' lang='lat' dir='ltr'>loco</span> <span class='ocrx_word' id='word_1_7' title='bbox 793 554 877 613; x_wconf 79' lang='lat' dir='ltr'>suut</span> <span class='ocrx_word' id='word_1_8' title='bbox 913 586 954 593; x_wconf 80' lang='lat'>—</span> <span class='ocrx_word' id='word_1_9' title='bbox 988 550 1065 613; x_wconf 83' lang='lat' dir='ltr'>Cum</span> <span class='ocrx_word' id='word_1_10' title='bbox 1091 569 1250 631; x_wconf 77' lang='lat' dir='ltr'>anonymo</span> 
     </span>
     <span class='ocr_line' id='line_1_3' title="bbox 65 653 1251 736; baseline 0.001 -17"><span class='ocrx_word' id='word_1_11' title='bbox 65 716 70 731; x_wconf 87' lang='grc'><strong>,</strong></span> <span class='ocrx_word' id='word_1_12' title='bbox 122 653 272 719; x_wconf 79' lang='lat' dir='ltr'>Achilles</span> <span class='ocrx_word' id='word_1_13' title='bbox 295 658 375 735; x_wconf 87' lang='lat' dir='ltr'>post</span> <span class='ocrx_word' id='word_1_14' title='bbox 398 659 514 719; x_wconf 86' lang='lat' dir='ltr'>ventos</span> <span class='ocrx_word' id='word_1_15' title='bbox 538 658 681 718; x_wconf 88' lang='lat' dir='ltr'>ccruetas</span> <span class='ocrx_word' id='word_1_16' title='bbox 705 654 871 735; x_wconf 72' lang='lat' dir='ltr'>describit,</span> <span class='ocrx_word' id='word_1_17' title='bbox 903 654 1056 719; x_wconf 78' lang='lat' dir='ltr'>Manilius</span> <span class='ocrx_word' id='word_1_18' title='bbox 1080 664 1251 736; x_wconf 81' lang='lat' dir='ltr'>postquam</span> 
     </span>
     <span class='ocr_line' id='line_1_4' title="bbox 65 752 1253 841; baseline 0.001 -15"><span class='ocrx_word' id='word_1_19' title='bbox 65 752 68 781; x_wconf 71' lang='lat'>³</span> <span class='ocrx_word' id='word_1_20' title='bbox 122 759 219 827; x_wconf 82' lang='lat' dir='ltr'>uaria</span> <span class='ocrx_word' id='word_1_21' title='bbox 252 765 454 825; x_wconf 89' lang='lat' dir='ltr'>cometarum</span> <span class='ocrx_word' id='word_1_22' title='bbox 485 778 608 841; x_wconf 84' lang='lat' dir='ltr'>genera</span> <span class='ocrx_word' id='word_1_23' title='bbox 636 760 849 841; x_wconf 73' lang='lat' dir='ltr'>enumeravit,</span> <span class='ocrx_word' id='word_1_24' title='bbox 880 761 919 825; x_wconf 89' lang='lat' dir='ltr'>de</span> <span class='ocrx_word' id='word_1_25' title='bbox 949 760 1077 841; x_wconf 74' lang='lat' dir='ltr'>ignibus</span> <span class='ocrx_word' id='word_1_26' title='bbox 1108 782 1194 840; x_wconf 89' lang='lat' dir='ltr'>aqua</span> <span class='ocrx_word' id='word_1_27' title='bbox 1219 770 1253 827; x_wconf 87' lang='lat' dir='ltr'>et</span> 
     </span>
     <span class='ocr_line' id='line_1_5' title="bbox 65 865 1250 947; baseline 0 -14"><span class='ocrx_word' id='word_1_28' title='bbox 65 924 67 939; x_wconf 91' lang='grc'>,</span> <span class='ocrx_word' id='word_1_29' title='bbox 123 872 218 933; x_wconf 88' lang='lat' dir='ltr'>terra</span> <span class='ocrx_word' id='word_1_30' title='bbox 247 866 386 932; x_wconf 77' lang='lat' dir='ltr'>inclusis</span> <span class='ocrx_word' id='word_1_31' title='bbox 417 865 567 946; x_wconf 88' lang='lat' dir='ltr'>loquitur.</span> <span class='ocrx_word' id='word_1_32' title='bbox 619 866 816 931; x_wconf 84' lang='lat' dir='ltr'>Brevissime</span> <span class='ocrx_word' id='word_1_33' title='bbox 844 867 988 932; x_wconf 83' lang='lat' dir='ltr'>Achilles</span> <span class='ocrx_word' id='word_1_34' title='bbox 1020 887 1089 947; x_wconf 82' lang='lat' dir='ltr'>cap.</span> <span class='ocrx_word' id='word_1_35' title='bbox 1123 874 1165 932; x_wconf 76' lang='lat'>34</span> <span class='ocrx_word' id='word_1_36' title='bbox 1198 870 1250 933; x_wconf 88' lang='lat' dir='ltr'>lin.</span> 
     </span>
     <span class='ocr_line' id='line_1_6' title="bbox 65 942 969 1079; baseline -0.003 -39"><span class='ocrx_word' id='word_1_37' title='bbox 65 942 70 1079; x_wconf 67' lang='grc'><em>.</em></span> <span class='ocrx_word' id='word_1_38' title='bbox 125 973 282 1055; x_wconf 87' lang='lat' dir='ltr'>tonitrus,</span> <span class='ocrx_word' id='word_1_39' title='bbox 305 972 447 1056; x_wconf 82' lang='lat' dir='ltr'>fulgura,</span> <span class='ocrx_word' id='word_1_40' title='bbox 471 972 616 1055; x_wconf 81' lang='lat' dir='ltr'>fulmina,</span> <span class='ocrx_word' id='word_1_41' title='bbox 640 976 742 1039; x_wconf 90' lang='lat' dir='ltr'>nubes</span> <span class='ocrx_word' id='word_1_42' title='bbox 766 973 969 1055; x_wconf 76' lang='lat' dir='ltr'>perstringit..</span> 
     </span>
    </p>
   </div>
   <div class='ocr_carea' id='block_1_3' title="bbox 127 1079 1305 1487">
    <p class='ocr_par' dir='ltr' id='par_1_3' title="bbox 127 1079 1305 1487">
     <span class='ocr_line' id='line_1_7' title="bbox 218 1079 1253 1162; baseline 0.001 -17"><span class='ocrx_word' id='word_1_43' title='bbox 218 1080 364 1146; x_wconf 85' lang='lat' dir='ltr'>Restant</span> <span class='ocrx_word' id='word_1_44' title='bbox 387 1080 541 1145; x_wconf 87' lang='lat' dir='ltr'>nonnulla</span> <span class='ocrx_word' id='word_1_45' title='bbox 561 1080 689 1146; x_wconf 81' lang='lat' dir='ltr'>Gemini</span> <span class='ocrx_word' id='word_1_46' title='bbox 714 1086 748 1144; x_wconf 86' lang='lat' dir='ltr'>et</span> <span class='ocrx_word' id='word_1_47' title='bbox 767 1081 903 1146; x_wconf 82' lang='lat' dir='ltr'>Achillis</span> <span class='ocrx_word' id='word_1_48' title='bbox 928 1079 1048 1162; x_wconf 82' lang='lat' dir='ltr'>capita,</span> <span class='ocrx_word' id='word_1_49' title='bbox 1074 1082 1114 1145; x_wconf 87' lang='lat' dir='ltr'>dc</span> <span class='ocrx_word' id='word_1_50' title='bbox 1138 1081 1253 1161; x_wconf 87' lang='lat' dir='ltr'>quilnrs</span> 
     </span>
     <span class='ocr_line' id='line_1_8' title="bbox 127 1186 1305 1270; baseline -0.001 -16"><span class='ocrx_word' id='word_1_51' title='bbox 127 1188 209 1269; x_wconf 92' lang='lat' dir='ltr'>quid</span> <span class='ocrx_word' id='word_1_52' title='bbox 223 1186 342 1270; x_wconf 89' lang='lat' dir='ltr'>dicam,</span> <span class='ocrx_word' id='word_1_53' title='bbox 359 1186 499 1253; x_wconf 82' lang='lat' dir='ltr'>maxime</span> <span class='ocrx_word' id='word_1_54' title='bbox 515 1187 629 1253; x_wconf 89' lang='lat' dir='ltr'>dubius</span> <span class='ocrx_word' id='word_1_55' title='bbox 644 1207 722 1253; x_wconf 88' lang='lat' dir='ltr'>sum.</span> <span class='ocrx_word' id='word_1_56' title='bbox 751 1188 841 1252; x_wconf 79' lang='lat' dir='ltr'>Fieri</span> <span class='ocrx_word' id='word_1_57' title='bbox 854 1194 995 1269; x_wconf 85' lang='lat' dir='ltr'>poterat,</span> <span class='ocrx_word' id='word_1_58' title='bbox 1013 1194 1046 1252; x_wconf 91' lang='lat' dir='ltr'>ut</span> <span class='ocrx_word' id='word_1_59' title='bbox 1062 1189 1254 1253; x_wconf 70' lang='lat' dir='ltr'>Posidonius</span> <span class='ocrx_word' id='word_1_60' title='bbox 1302 1204 1305 1209; x_wconf 84' lang='grc'><strong>’</strong></span> 
     </span>
     <span class='ocr_line' id='line_1_9' title="bbox 129 1292 1254 1377; baseline -0.002 -16"><span class='ocrx_word' id='word_1_61' title='bbox 129 1293 325 1377; x_wconf 88' lang='lat' dir='ltr'>appendicis</span> <span class='ocrx_word' id='word_1_62' title='bbox 357 1295 428 1359; x_wconf 87' lang='lat' dir='ltr'>loco</span> <span class='ocrx_word' id='word_1_63' title='bbox 460 1292 501 1359; x_wconf 90' lang='lat' dir='ltr'>iis</span> <span class='ocrx_word' id='word_1_64' title='bbox 534 1295 739 1376; x_wconf 82' lang='lat' dir='ltr'>praescripta</span> <span class='ocrx_word' id='word_1_65' title='bbox 773 1296 929 1375; x_wconf 84' lang='lat' dir='ltr'>traderet,</span> <span class='ocrx_word' id='word_1_66' title='bbox 964 1295 1079 1374; x_wconf 87' lang='lat' dir='ltr'>quilms</span> <span class='ocrx_word' id='word_1_67' title='bbox 1114 1297 1254 1376; x_wconf 77' lang='lat' dir='ltr'>sphaera</span> 
     </span>
     <span class='ocr_line' id='line_1_10' title="bbox 129 1401 1254 1487; baseline -0.004 -18"><span class='ocrx_word' id='word_1_68' title='bbox 129 1401 329 1483; x_wconf 85' lang='lat' dir='ltr'>explicanda</span> <span class='ocrx_word' id='word_1_69' title='bbox 371 1406 428 1466; x_wconf 86' lang='lat' dir='ltr'>aut</span> <span class='ocrx_word' id='word_1_70' title='bbox 469 1401 509 1465; x_wconf 93' lang='lat' dir='ltr'>de</span> <span class='ocrx_word' id='word_1_71' title='bbox 552 1402 692 1482; x_wconf 78' lang='lat' dir='ltr'>sphaera</span> <span class='ocrx_word' id='word_1_72' title='bbox 730 1401 932 1466; x_wconf 84' lang='lat' dir='ltr'>scribendum</span> <span class='ocrx_word' id='word_1_73' title='bbox 968 1406 1065 1465; x_wconf 85' lang='lat' dir='ltr'>esset.</span> <span class='ocrx_word' id='word_1_74' title='bbox 1122 1402 1254 1487; x_wconf 71' lang='lat' dir='ltr'>(Achill.</span> 
     </span>
    </p>
   </div>
   <div class='ocr_carea' id='block_1_4' title="bbox 65 1506 1256 1823">
    <p class='ocr_par' dir='ltr' id='par_1_4' title="bbox 65 1506 1256 1823">
     <span class='ocr_line' id='line_1_11' title="bbox 65 1506 1255 1592; baseline -0.001 -19"><span class='ocrx_word' id='word_1_75' title='bbox 65 1510 67 1517; x_wconf 87' lang='lat'>&#39;</span> <span class='ocrx_word' id='word_1_76' title='bbox 130 1520 227 1591; x_wconf 81' lang='lat' dir='ltr'>capp.</span> <span class='ocrx_word' id='word_1_77' title='bbox 258 1513 300 1572; x_wconf 83' lang='lat'>35</span> <span class='ocrx_word' id='word_1_78' title='bbox 329 1513 365 1573; x_wconf 88' lang='lat' dir='ltr'>et</span> <span class='ocrx_word' id='word_1_79' title='bbox 392 1506 460 1592; x_wconf 88' lang='grc'><strong>36.)</strong></span> <span class='ocrx_word' id='word_1_80' title='bbox 506 1509 614 1587; x_wconf 84' lang='lat' dir='ltr'>Atque</span> <span class='ocrx_word' id='word_1_81' title='bbox 642 1508 674 1573; x_wconf 93' lang='lat' dir='ltr'>in</span> <span class='ocrx_word' id='word_1_82' title='bbox 705 1509 768 1573; x_wconf 85' lang='lat' dir='ltr'>tine</span> <span class='ocrx_word' id='word_1_83' title='bbox 793 1509 894 1573; x_wconf 87' lang='lat' dir='ltr'>totius</span> <span class='ocrx_word' id='word_1_84' title='bbox 918 1508 1026 1590; x_wconf 79' lang='lat' dir='ltr'>operis</span> <span class='ocrx_word' id='word_1_85' title='bbox 1049 1510 1190 1573; x_wconf 81' lang='lat' dir='ltr'>fortasse</span> <span class='ocrx_word' id='word_1_86' title='bbox 1216 1510 1255 1573; x_wconf 90' lang='lat' dir='ltr'>de</span> 
     </span>
     <span class='ocr_line' id='line_1_12' title="bbox 65 1614 1255 1747; baseline -0.003 -65"><span class='ocrx_word' id='word_1_87' title='bbox 65 1622 71 1747; x_wconf 51' lang='lat' dir='ltr'>l</span> <span class='ocrx_word' id='word_1_88' title='bbox 130 1618 259 1682; x_wconf 88' lang='lat' dir='ltr'>ortibus</span> <span class='ocrx_word' id='word_1_89' title='bbox 287 1619 321 1680; x_wconf 90' lang='lat' dir='ltr'>et</span> <span class='ocrx_word' id='word_1_90' title='bbox 349 1614 517 1681; x_wconf 89' lang='lat' dir='ltr'>occasibus</span> <span class='ocrx_word' id='word_1_91' title='bbox 545 1623 706 1680; x_wconf 85' lang='lat' dir='ltr'>astrorum</span> <span class='ocrx_word' id='word_1_92' title='bbox 736 1617 861 1680; x_wconf 78' lang='lat' dir='ltr'>locutus</span> <span class='ocrx_word' id='word_1_93' title='bbox 890 1622 940 1679; x_wconf 89' lang='lat' dir='ltr'>est</span> <span class='ocrx_word' id='word_1_94' title='bbox 971 1615 1066 1699; x_wconf 31' lang='lat' dir='ltr'>(eleb.</span> <span class='ocrx_word' id='word_1_95' title='bbox 1091 1636 1161 1696; x_wconf 84' lang='lat' dir='ltr'>cap.</span> <span class='ocrx_word' id='word_1_96' title='bbox 1188 1615 1255 1698; x_wconf 73' lang='lat'>37).</span> 
     </span>
     <span class='ocr_line' id='line_1_13' title="bbox 65 1721 1256 1823; baseline -0.002 -34"><span class='ocrx_word' id='word_1_97' title='bbox 65 1756 68 1823; x_wconf 44' lang='grc' dir='ltr'><strong>ᾗ</strong></span> <span class='ocrx_word' id='word_1_98' title='bbox 130 1723 218 1807; x_wconf 82' lang='lat' dir='ltr'>Quid</span> <span class='ocrx_word' id='word_1_99' title='bbox 246 1724 362 1787; x_wconf 89' lang='lat' dir='ltr'>harum</span> <span class='ocrx_word' id='word_1_100' title='bbox 385 1741 492 1787; x_wconf 88' lang='lat' dir='ltr'>rerum</span> <span class='ocrx_word' id='word_1_101' title='bbox 517 1721 655 1788; x_wconf 88' lang='lat' dir='ltr'>scientia</span> <span class='ocrx_word' id='word_1_102' title='bbox 678 1724 799 1803; x_wconf 85' lang='lat' dir='ltr'>valeat,</span> <span class='ocrx_word' id='word_1_103' title='bbox 833 1722 954 1787; x_wconf 80' lang='lat' dir='ltr'>ultimis</span> <span class='ocrx_word' id='word_1_104' title='bbox 978 1722 1088 1787; x_wconf 86' lang='lat' dir='ltr'>rerbis</span> <span class='ocrx_word' id='word_1_105' title='bbox 1113 1723 1256 1787; x_wconf 81' lang='lat' dir='ltr'>Achilles</span> 
     </span>
    </p>
   </div>
   <div class='ocr_carea' id='block_1_5' title="bbox 65 2090 70 2251">
    <p class='ocr_par' dir='ltr' id='par_1_5' title="bbox 65 2090 70 2251">
     <span class='ocr_line' id='line_1_14' title="bbox 65 2090 70 2251; baseline 0 -28"><span class='ocrx_word' id='word_1_106' title='bbox 65 2090 70 2251; x_wconf 78' lang='lat' dir='ltr'>l</span> 
     </span>
    </p>
   </div>
   <div class='ocr_carea' id='block_1_6' title="bbox 128 1829 1256 2234">
    <p class='ocr_par' dir='ltr' id='par_1_6' title="bbox 128 1829 1256 2234">
     <span class='ocr_line' id='line_1_15' title="bbox 130 1829 1254 1915; baseline -0.004 -20"><span class='ocrx_word' id='word_1_107' title='bbox 130 1830 298 1896; x_wconf 74' lang='lat' dir='ltr'>declarat:</span> <span class='ocrx_word' id='word_1_108' title='bbox 323 1830 404 1915; x_wconf 75' lang='grc' dir='ltr'><strong><em>,περὶ</em></strong></span> <span class='ocrx_word' id='word_1_109' title='bbox 432 1830 551 1893; x_wconf 77' lang='grc' dir='ltr'><em>πολλοῦ</em></span> <span class='ocrx_word' id='word_1_110' title='bbox 583 1830 618 1891; x_wconf 69' lang='lat' dir='ltr'>di</span> <span class='ocrx_word' id='word_1_111' title='bbox 646 1832 776 1912; x_wconf 72' lang='grc' dir='ltr'>μάλιστα</span> <span class='ocrx_word' id='word_1_112' title='bbox 808 1831 928 1891; x_wconf 70' lang='grc' dir='ltr'><em>τούτων</em></span> <span class='ocrx_word' id='word_1_113' title='bbox 952 1829 1007 1910; x_wconf 71' lang='grc' dir='ltr'>τὴν</span> <span class='ocrx_word' id='word_1_114' title='bbox 1031 1835 1146 1910; x_wconf 71' lang='grc' dir='ltr'>γνῶσιν</span> <span class='ocrx_word' id='word_1_115' title='bbox 1170 1830 1254 1891; x_wconf 67' lang='grc' dir='ltr'><em>ἕποι-</em></span> 
     </span>
     <span class='ocr_line' id='line_1_16' title="bbox 129 1936 1255 2019; baseline -0.003 -17"><span class='ocrx_word' id='word_1_116' title='bbox 129 1945 227 2002; x_wconf 79' lang='grc' dir='ltr'><strong><em>οῦντο</em></strong></span> <span class='ocrx_word' id='word_1_117' title='bbox 253 1937 369 2000; x_wconf 79' lang='grc' dir='ltr'><strong><em>εἰδέναι</em></strong></span> <span class='ocrx_word' id='word_1_118' title='bbox 388 1938 420 1999; x_wconf 85' lang='lat' dir='ltr'>ot</span> <span class='ocrx_word' id='word_1_119' title='bbox 440 1936 510 2017; x_wconf 77' lang='grc' dir='ltr'><strong><em>περὶ</em></strong></span> <span class='ocrx_word' id='word_1_120' title='bbox 534 1938 688 2019; x_wconf 77' lang='grc' dir='ltr'>γεωργίαν</span> <span class='ocrx_word' id='word_1_121' title='bbox 708 1937 760 1999; x_wconf 75' lang='lat' dir='ltr'>aci</span> <span class='ocrx_word' id='word_1_122' title='bbox 782 1937 936 1999; x_wconf 70' lang='grc' dir='ltr'><em>ναυτιλίαν</em></span> <span class='ocrx_word' id='word_1_123' title='bbox 959 1936 1013 1998; x_wconf 77' lang='grc' dir='ltr'>τὸν</span> <span class='ocrx_word' id='word_1_124' title='bbox 1032 1938 1103 2018; x_wconf 71' lang='lat' dir='ltr'>[tior</span> <span class='ocrx_word' id='word_1_125' title='bbox 1126 1939 1255 2018; x_wconf 70' lang='grc' dir='ltr'>ἔχοντες.</span> 
     </span>
     <span class='ocr_line' id='line_1_17' title="bbox 129 2043 1256 2127; baseline -0.002 -19"><span class='ocrx_word' id='word_1_126' title='bbox 129 2047 166 2108; x_wconf 80' lang='grc' dir='ltr'>ἐκ</span> <span class='ocrx_word' id='word_1_127' title='bbox 192 2044 256 2127; x_wconf 79' lang='grc' dir='ltr'>γὰρ</span> <span class='ocrx_word' id='word_1_128' title='bbox 278 2049 345 2106; x_wconf 82' lang='grc' dir='ltr'>τῶν</span> <span class='ocrx_word' id='word_1_129' title='bbox 368 2044 531 2107; x_wconf 72' lang='grc' dir='ltr'><em>ἀνατολῶν</em></span> <span class='ocrx_word' id='word_1_130' title='bbox 554 2045 608 2107; x_wconf 83' lang='grc' dir='ltr'>καὶ</span> <span class='ocrx_word' id='word_1_131' title='bbox 631 2050 695 2105; x_wconf 77' lang='grc' dir='ltr'>τῶν</span> <span class='ocrx_word' id='word_1_132' title='bbox 720 2045 843 2105; x_wconf 69' lang='lat' dir='ltr'>ddoaor</span> <span class='ocrx_word' id='word_1_133' title='bbox 862 2045 969 2105; x_wconf 64' lang='grc' dir='ltr'><em>αὐτῶν</em></span> <span class='ocrx_word' id='word_1_134' title='bbox 992 2043 1045 2106; x_wconf 73' lang='grc' dir='ltr'>τὸν</span> <span class='ocrx_word' id='word_1_135' title='bbox 1069 2045 1180 2124; x_wconf 69' lang='grc' dir='ltr'>καιρὸν</span> <span class='ocrx_word' id='word_1_136' title='bbox 1201 2052 1256 2106; x_wconf 71' lang='grc' dir='ltr'>τοῦ</span> 
     </span>
     <span class='ocr_line' id='line_1_18' title="bbox 128 2149 1255 2234; baseline -0.001 -19"><span class='ocrx_word' id='word_1_137' title='bbox 128 2153 213 2215; x_wconf 82' lang='grc' dir='ltr'><em>πλοῦ</em></span> <span class='ocrx_word' id='word_1_138' title='bbox 237 2150 292 2214; x_wconf 81' lang='grc' dir='ltr'>καὶ</span> <span class='ocrx_word' id='word_1_139' title='bbox 314 2157 371 2213; x_wconf 85' lang='grc' dir='ltr'>τοῦ</span> <span class='ocrx_word' id='word_1_140' title='bbox 394 2157 547 2234; x_wconf 75' lang='grc' dir='ltr'>τρυγητοῦ</span> <span class='ocrx_word' id='word_1_141' title='bbox 571 2152 790 2233; x_wconf 61' lang='grc' dir='ltr'>ἔσημειοῦντο]</span> <span class='ocrx_word' id='word_1_142' title='bbox 832 2154 940 2230; x_wconf 56' lang='lat' dir='ltr'>(lintre</span> <span class='ocrx_word' id='word_1_143' title='bbox 961 2149 1089 2214; x_wconf 75' lang='lat' dir='ltr'>tlerlliui</span> <span class='ocrx_word' id='word_1_144' title='bbox 1114 2171 1184 2230; x_wconf 75' lang='lat' dir='ltr'>cub.</span> <span class='ocrx_word' id='word_1_145' title='bbox 1206 2156 1255 2232; x_wconf 74' lang='lat'>14,</span> 
     </span>
    </p>
   </div>
   <div class='ocr_carea' id='block_1_7' title="bbox 65 2256 1256 2448">
    <p class='ocr_par' dir='ltr' id='par_1_7' title="bbox 65 2256 1256 2448">
     <span class='ocr_line' id='line_1_19' title="bbox 65 2256 1256 2339; baseline -0.003 -15"><span class='ocrx_word' id='word_1_146' title='bbox 65 2256 67 2281; x_wconf 67' lang='lat'>³</span> <span class='ocrx_word' id='word_1_147' title='bbox 129 2258 217 2339; x_wconf 79' lang='lat' dir='ltr'>quoti</span> <span class='ocrx_word' id='word_1_148' title='bbox 253 2263 306 2322; x_wconf 76' lang='lat' dir='ltr'>est</span> <span class='ocrx_word' id='word_1_149' title='bbox 336 2257 405 2338; x_wconf 79' lang='grc' dir='ltr'><strong><em>περὶ</em></strong></span> <span class='ocrx_word' id='word_1_150' title='bbox 429 2259 650 2339; x_wconf 77' lang='grc' dir='ltr'><strong><em>ἐπισημασιῶν</em></strong></span> <span class='ocrx_word' id='word_1_151' title='bbox 678 2263 741 2318; x_wconf 77' lang='lat' dir='ltr'>wir</span> <span class='ocrx_word' id='word_1_152' title='bbox 765 2258 901 2337; x_wconf 72' lang='grc' dir='ltr'>ἄστρων,</span> <span class='ocrx_word' id='word_1_153' title='bbox 928 2262 1000 2320; x_wconf 84' lang='lat' dir='ltr'>arte</span> <span class='ocrx_word' id='word_1_154' title='bbox 1026 2276 1095 2320; x_wconf 84' lang='lat' dir='ltr'>curu</span> <span class='ocrx_word' id='word_1_155' title='bbox 1121 2256 1160 2320; x_wconf 86' lang='lat' dir='ltr'>iis</span> <span class='ocrx_word' id='word_1_156' title='bbox 1186 2278 1256 2321; x_wconf 75' lang='lat'>‹5011-</span> 
     </span>
     <span class='ocr_line' id='line_1_20' title="bbox 65 2363 1255 2448; baseline -0.003 -16"><span class='ocrx_word' id='word_1_157' title='bbox 65 2390 67 2397; x_wconf 94' lang='lat'>·</span> <span class='ocrx_word' id='word_1_158' title='bbox 128 2365 332 2448; x_wconf 84' lang='lat' dir='ltr'>iungendum</span> <span class='ocrx_word' id='word_1_159' title='bbox 357 2382 428 2429; x_wconf 87' lang='lat' dir='ltr'>esse</span> <span class='ocrx_word' id='word_1_160' title='bbox 449 2363 589 2445; x_wconf 89' lang='lat' dir='ltr'>videtur,</span> <span class='ocrx_word' id='word_1_161' title='bbox 610 2383 692 2442; x_wconf 88' lang='lat' dir='ltr'>quae</span> <span class='ocrx_word' id='word_1_162' title='bbox 709 2364 749 2427; x_wconf 91' lang='lat' dir='ltr'>ad</span> <span class='ocrx_word' id='word_1_163' title='bbox 770 2383 903 2428; x_wconf 74' lang='lat' dir='ltr'>ccrarsus</span> <span class='ocrx_word' id='word_1_164' title='bbox 928 2369 962 2427; x_wconf 88' lang='lat' dir='ltr'>et</span> <span class='ocrx_word' id='word_1_165' title='bbox 981 2369 1071 2428; x_wconf 89' lang='lat' dir='ltr'>ortus</span> <span class='ocrx_word' id='word_1_166' title='bbox 1092 2370 1255 2443; x_wconf 75' lang='lat' dir='ltr'>spectant.</span> 
     </span>
    </p>
   </div>
   <div class='ocr_carea' id='block_1_8' title="bbox 126 2469 1256 2983">
    <p class='ocr_par' dir='ltr' id='par_1_8' title="bbox 126 2469 1256 2983">
     <span class='ocr_line' id='line_1_21' title="bbox 130 2469 1256 2552; baseline -0.004 -14"><span class='ocrx_word' id='word_1_167' title='bbox 130 2473 197 2539; x_wconf 90' lang='lat' dir='ltr'>Sed</span> <span class='ocrx_word' id='word_1_168' title='bbox 222 2474 307 2537; x_wconf 80' lang='lat' dir='ltr'>llaec</span> <span class='ocrx_word' id='word_1_169' title='bbox 337 2469 443 2552; x_wconf 79' lang='lat' dir='ltr'>opinio</span> <span class='ocrx_word' id='word_1_170' title='bbox 468 2470 509 2534; x_wconf 87' lang='lat' dir='ltr'>ad</span> <span class='ocrx_word' id='word_1_171' title='bbox 534 2469 693 2535; x_wconf 89' lang='lat' dir='ltr'>incertum</span> <span class='ocrx_word' id='word_1_172' title='bbox 717 2476 890 2533; x_wconf 76' lang='lat' dir='ltr'>remu-atur</span> <span class='ocrx_word' id='word_1_173' title='bbox 919 2491 965 2549; x_wconf 91' lang='lat' dir='ltr'>ec,</span> <span class='ocrx_word' id='word_1_174' title='bbox 992 2471 1076 2547; x_wconf 89' lang='lat' dir='ltr'>quod</span> <span class='ocrx_word' id='word_1_175' title='bbox 1101 2471 1256 2535; x_wconf 70' lang='lat' dir='ltr'>Geminus</span> 
     </span>
     <span class='ocr_line' id='line_1_22' title="bbox 128 2576 1255 2645; baseline -0.004 0"><span class='ocrx_word' id='word_1_176' title='bbox 128 2581 170 2645; x_wconf 91' lang='lat' dir='ltr'>de</span> <span class='ocrx_word' id='word_1_177' title='bbox 195 2576 360 2644; x_wconf 84' lang='lat' dir='ltr'>sideribus</span> <span class='ocrx_word' id='word_1_178' title='bbox 384 2576 563 2642; x_wconf 90' lang='lat' dir='ltr'>orientibus</span> <span class='ocrx_word' id='word_1_179' title='bbox 595 2582 629 2642; x_wconf 89' lang='lat' dir='ltr'>et</span> <span class='ocrx_word' id='word_1_180' title='bbox 661 2576 880 2641; x_wconf 87' lang='lat' dir='ltr'>occidentibus</span> <span class='ocrx_word' id='word_1_181' title='bbox 910 2584 987 2639; x_wconf 88' lang='lat' dir='ltr'>aute</span> <span class='ocrx_word' id='word_1_182' title='bbox 1019 2582 1127 2639; x_wconf 81' lang='lat' dir='ltr'>terrae</span> <span class='ocrx_word' id='word_1_183' title='bbox 1156 2597 1255 2641; x_wconf 76' lang='lat' dir='ltr'>zonas</span> 
     </span>
     <span class='ocr_line' id='line_1_23' title="bbox 127 2682 1256 2764; baseline -0.006 -11"><span class='ocrx_word' id='word_1_184' title='bbox 127 2694 164 2753; x_wconf 85' lang='lat' dir='ltr'>ct</span> <span class='ocrx_word' id='word_1_185' title='bbox 196 2683 423 2751; x_wconf 82' lang='lat' dir='ltr'>habitationes</span> <span class='ocrx_word' id='word_1_186' title='bbox 456 2683 580 2749; x_wconf 90' lang='lat' dir='ltr'>scribit.</span> <span class='ocrx_word' id='word_1_187' title='bbox 633 2684 682 2747; x_wconf 84' lang='lat' dir='ltr'>bo</span> <span class='ocrx_word' id='word_1_188' title='bbox 716 2682 859 2747; x_wconf 90' lang='lat' dir='ltr'>eiusdem</span> <span class='ocrx_word' id='word_1_189' title='bbox 893 2702 985 2763; x_wconf 67' lang='lat' dir='ltr'>capu</span> <span class='ocrx_word' id='word_1_190' title='bbox 1015 2688 1064 2764; x_wconf 82' lang='lat'>15,</span> <span class='ocrx_word' id='word_1_191' title='bbox 1099 2683 1183 2761; x_wconf 91' lang='lat' dir='ltr'>quod</span> <span class='ocrx_word' id='word_1_192' title='bbox 1214 2684 1256 2747; x_wconf 90' lang='lat' dir='ltr'>ad</span> 
     </span>
     <span class='ocr_line' id='line_1_24' title="bbox 127 2788 1256 2872; baseline -0.006 -13"><span class='ocrx_word' id='word_1_193' title='bbox 127 2795 241 2858; x_wconf 91' lang='lat' dir='ltr'>lunam</span> <span class='ocrx_word' id='word_1_194' title='bbox 276 2791 431 2872; x_wconf 84' lang='lat' dir='ltr'>pertinet,</span> <span class='ocrx_word' id='word_1_195' title='bbox 461 2796 494 2855; x_wconf 89' lang='lat' dir='ltr'>et</span> <span class='ocrx_word' id='word_1_196' title='bbox 522 2795 572 2871; x_wconf 81' lang='grc'>16,</span> <span class='ocrx_word' id='word_1_197' title='bbox 598 2791 681 2869; x_wconf 79' lang='lat' dir='ltr'>‹urcd</span> <span class='ocrx_word' id='word_1_198' title='bbox 715 2788 934 2865; x_wconf 82' lang='lat' dir='ltr'>calendarium</span> <span class='ocrx_word' id='word_1_199' title='bbox 969 2791 1067 2854; x_wconf 91' lang='lat' dir='ltr'>breve</span> <span class='ocrx_word' id='word_1_200' title='bbox 1102 2788 1256 2872; x_wconf 83' lang='lat' dir='ltr'>continet,</span> 
     </span>
     <span class='ocr_line' id='line_1_25' title="bbox 126 2894 656 2983; baseline -0.011 -17"><span class='ocrx_word' id='word_1_201' title='bbox 126 2901 230 2983; x_wconf 83' lang='lat' dir='ltr'>plane</span> <span class='ocrx_word' id='word_1_202' title='bbox 253 2896 365 2963; x_wconf 89' lang='lat' dir='ltr'>nescio</span> <span class='ocrx_word' id='word_1_203' title='bbox 390 2897 465 2977; x_wconf 90' lang='lat' dir='ltr'>qnid</span> <span class='ocrx_word' id='word_1_204' title='bbox 490 2896 626 2961; x_wconf 90' lang='lat' dir='ltr'>iudicem</span> <span class='ocrx_word' id='word_1_205' title='bbox 636 2894 656 2961; x_wconf 91' lang='lat'>¹.</span> 
     </span>
    </p>
   </div>
   <div class='ocr_carea' id='block_1_9' title="bbox 126 3110 1257 4052">
    <p class='ocr_par' dir='ltr' id='par_1_9' title="bbox 126 3110 1257 3717">
     <span class='ocr_line' id='line_1_26' title="bbox 221 3110 1257 3191; baseline -0.005 -12"><span class='ocrx_word' id='word_1_206' title='bbox 221 3112 386 3179; x_wconf 81' lang='lat' dir='ltr'>Nonnulla</span> <span class='ocrx_word' id='word_1_207' title='bbox 409 3111 575 3178; x_wconf 85' lang='lat' dir='ltr'>addidisse</span> <span class='ocrx_word' id='word_1_208' title='bbox 599 3111 677 3176; x_wconf 88' lang='lat' dir='ltr'>milri</span> <span class='ocrx_word' id='word_1_209' title='bbox 701 3110 812 3176; x_wconf 83' lang='lat' dir='ltr'>ridear</span> <span class='ocrx_word' id='word_1_210' title='bbox 837 3111 878 3174; x_wconf 90' lang='lat' dir='ltr'>ad</span> <span class='ocrx_word' id='word_1_211' title='bbox 904 3130 953 3191; x_wconf 86' lang='lat' dir='ltr'>ea,</span> <span class='ocrx_word' id='word_1_212' title='bbox 979 3130 1061 3189; x_wconf 91' lang='lat' dir='ltr'>quae</span> <span class='ocrx_word' id='word_1_213' title='bbox 1086 3111 1192 3174; x_wconf 87' lang='lat' dir='ltr'>adbuc</span> <span class='ocrx_word' id='word_1_214' title='bbox 1217 3111 1257 3174; x_wconf 91' lang='lat' dir='ltr'>de</span> 
     </span>
     <span class='ocr_line' id='line_1_27' title="bbox 126 3217 1256 3300; baseline -0.006 -13"><span class='ocrx_word' id='word_1_215' title='bbox 126 3218 302 3287; x_wconf 76' lang='lat' dir='ltr'>Posidonii</span> <span class='ocrx_word' id='word_1_216' title='bbox 321 3218 413 3285; x_wconf 89' lang='lat' dir='ltr'>libris</span> <span class='ocrx_word' id='word_1_217' title='bbox 432 3217 692 3300; x_wconf 74' lang='lat' dir='ltr'>meteorologicis</span> <span class='ocrx_word' id='word_1_218' title='bbox 711 3217 796 3282; x_wconf 86' lang='lat' dir='ltr'>iuter</span> <span class='ocrx_word' id='word_1_219' title='bbox 812 3217 899 3283; x_wconf 81' lang='lat' dir='ltr'>viros</span> <span class='ocrx_word' id='word_1_220' title='bbox 921 3217 1032 3281; x_wconf 90' lang='lat' dir='ltr'>doctos</span> <span class='ocrx_word' id='word_1_221' title='bbox 1053 3219 1256 3282; x_wconf 76' lang='lat' dir='ltr'>constabant.</span> 
     </span>
     <span class='ocr_line' id='line_1_28' title="bbox 126 3324 1256 3407; baseline -0.003 -14"><span class='ocrx_word' id='word_1_222' title='bbox 126 3326 229 3394; x_wconf 88' lang='lat' dir='ltr'>Multi</span> <span class='ocrx_word' id='word_1_223' title='bbox 254 3331 405 3391; x_wconf 86' lang='lat' dir='ltr'>auctores</span> <span class='ocrx_word' id='word_1_224' title='bbox 423 3324 605 3407; x_wconf 83' lang='lat' dir='ltr'>philosophi</span> <span class='ocrx_word' id='word_1_225' title='bbox 625 3344 704 3406; x_wconf 66' lang='lat' dir='ltr'>crpus</span> <span class='ocrx_word' id='word_1_226' title='bbox 724 3324 951 3389; x_wconf 87' lang='lat' dir='ltr'>adbilmerunt.</span> <span class='ocrx_word' id='word_1_227' title='bbox 995 3325 1134 3406; x_wconf 77' lang='lat' dir='ltr'>Quorum</span> <span class='ocrx_word' id='word_1_228' title='bbox 1160 3325 1256 3390; x_wconf 88' lang='lat' dir='ltr'>alios:</span> 
     </span>
     <span class='ocr_line' id='line_1_29' title="bbox 126 3431 1256 3515; baseline -0.004 -14"><span class='ocrx_word' id='word_1_229' title='bbox 126 3434 314 3515; x_wconf 83' lang='lat' dir='ltr'>Manilium,</span> <span class='ocrx_word' id='word_1_230' title='bbox 348 3432 528 3514; x_wconf 83' lang='lat' dir='ltr'>Geminum,</span> <span class='ocrx_word' id='word_1_231' title='bbox 563 3431 733 3512; x_wconf 84' lang='lat' dir='ltr'>Achillem,</span> <span class='ocrx_word' id='word_1_232' title='bbox 772 3431 1085 3496; x_wconf 84' lang='lat' dir='ltr'>l&#39;serularistotelem</span> <span class='ocrx_word' id='word_1_233' title='bbox 1125 3432 1256 3497; x_wconf 88' lang='lat' dir='ltr'>uberius</span> 
     </span>
     <span class='ocr_line' id='line_1_30' title="bbox 127 3538 1255 3622; baseline -0.005 -13"><span class='ocrx_word' id='word_1_234' title='bbox 127 3538 290 3622; x_wconf 85' lang='lat' dir='ltr'>tractavi,</span> <span class='ocrx_word' id='word_1_235' title='bbox 314 3577 355 3586; x_wconf 91' lang='lat'>—</span> <span class='ocrx_word' id='word_1_236' title='bbox 381 3539 477 3605; x_wconf 89' lang='lat' dir='ltr'>alios:</span> <span class='ocrx_word' id='word_1_237' title='bbox 503 3539 669 3618; x_wconf 84' lang='lat' dir='ltr'>Senecam,</span> <span class='ocrx_word' id='word_1_238' title='bbox 695 3538 907 3619; x_wconf 78' lang='lat' dir='ltr'>Cleomedem,</span> <span class='ocrx_word' id='word_1_239' title='bbox 932 3538 1063 3602; x_wconf 70' lang='lat' dir='ltr'>Aetium</span> <span class='ocrx_word' id='word_1_240' title='bbox 1087 3538 1255 3603; x_wconf 86' lang='lat' dir='ltr'>occasione</span> 
     </span>
     <span class='ocr_line' id='line_1_31' title="bbox 127 3646 681 3717; baseline -0.013 -2"><span class='ocrx_word' id='word_1_241' title='bbox 127 3650 248 3717; x_wconf 85' lang='lat' dir='ltr'>oblata</span> <span class='ocrx_word' id='word_1_242' title='bbox 270 3647 400 3713; x_wconf 88' lang='lat' dir='ltr'>brevius</span> <span class='ocrx_word' id='word_1_243' title='bbox 424 3646 681 3711; x_wconf 86' lang='lat' dir='ltr'>commemorari.</span> 
     </span>
    </p>

    <p class='ocr_par' dir='ltr' id='par_1_10' title="bbox 127 3750 1255 4052">
     <span class='ocr_line' id='line_1_32' title="bbox 222 3750 1255 3833; baseline -0.005 -13"><span class='ocrx_word' id='word_1_244' title='bbox 222 3754 315 3820; x_wconf 89' lang='lat' dir='ltr'>Unus</span> <span class='ocrx_word' id='word_1_245' title='bbox 346 3759 444 3833; x_wconf 89' lang='lat' dir='ltr'>atque</span> <span class='ocrx_word' id='word_1_246' title='bbox 474 3752 502 3818; x_wconf 88' lang='lat' dir='ltr'>is</span> <span class='ocrx_word' id='word_1_247' title='bbox 526 3752 577 3818; x_wconf 92' lang='lat' dir='ltr'>vir</span> <span class='ocrx_word' id='word_1_248' title='bbox 601 3751 805 3817; x_wconf 87' lang='lat' dir='ltr'>doctissimus</span> <span class='ocrx_word' id='word_1_249' title='bbox 840 3757 873 3816; x_wconf 93' lang='lat' dir='ltr'>et</span> <span class='ocrx_word' id='word_1_250' title='bbox 902 3757 1016 3816; x_wconf 87' lang='lat' dir='ltr'>auctor</span> <span class='ocrx_word' id='word_1_251' title='bbox 1043 3750 1255 3833; x_wconf 78' lang='lat' dir='ltr'>gravissimus</span> 
     </span>
     <span class='ocr_line' id='line_1_33' title="bbox 127 3858 1252 3940; baseline -0.008 -10"><span class='ocrx_word' id='word_1_252' title='bbox 127 3865 182 3930; x_wconf 88' lang='lat' dir='ltr'>bis</span> <span class='ocrx_word' id='word_1_253' title='bbox 213 3860 402 3928; x_wconf 89' lang='lat' dir='ltr'>adiciendus</span> <span class='ocrx_word' id='word_1_254' title='bbox 432 3879 503 3925; x_wconf 87' lang='lat' dir='ltr'>csse</span> <span class='ocrx_word' id='word_1_255' title='bbox 527 3859 666 3925; x_wconf 90' lang='lat' dir='ltr'>videtur.</span> <span class='ocrx_word' id='word_1_256' title='bbox 689 3897 732 3904; x_wconf 91' lang='lat'><em>-</em></span> <span class='ocrx_word' id='word_1_257' title='bbox 756 3859 920 3940; x_wconf 76' lang='lat' dir='ltr'>Grunnius</span> <span class='ocrx_word' id='word_1_258' title='bbox 944 3861 1086 3924; x_wconf 88' lang='lat' dir='ltr'>Hermae</span> <span class='ocrx_word' id='word_1_259' title='bbox 1110 3858 1173 3923; x_wconf 84' lang='lat' dir='ltr'>rol.</span> <span class='ocrx_word' id='word_1_260' title='bbox 1193 3858 1252 3940; x_wconf 86' lang='lat' dir='ltr'>Xl,</span> 
     </span>
     <span class='ocr_line' id='line_1_34' title="bbox 127 3964 1252 4052; baseline -0.006 -18"><span class='ocrx_word' id='word_1_261' title='bbox 127 3991 161 4052; x_wconf 85' lang='lat' dir='ltr'>p.</span> <span class='ocrx_word' id='word_1_262' title='bbox 205 3973 268 4034; x_wconf 81' lang='lat'>235</span> <span class='ocrx_word' id='word_1_263' title='bbox 307 3986 376 4047; x_wconf 89' lang='lat' dir='ltr'>sqq.</span> <span class='ocrx_word' id='word_1_264' title='bbox 415 3966 558 4031; x_wconf 88' lang='lat' dir='ltr'>ostendit</span> <span class='ocrx_word' id='word_1_265' title='bbox 595 3966 714 4030; x_wconf 87' lang='lat' dir='ltr'>multas</span> <span class='ocrx_word' id='word_1_266' title='bbox 753 3965 982 4030; x_wconf 88' lang='lat' dir='ltr'>similitudines</span> <span class='ocrx_word' id='word_1_267' title='bbox 1020 3984 1090 4029; x_wconf 87' lang='lat' dir='ltr'>esse</span> <span class='ocrx_word' id='word_1_268' title='bbox 1127 3964 1252 4028; x_wconf 85' lang='lat' dir='ltr'>Manilii</span> 
     </span>
    </p>
   </div>
   <div class='ocr_carea' id='block_1_10' title="bbox 127 4131 347 4141">
    <p class='ocr_par' dir='ltr' id='par_1_11' title="bbox 127 4131 347 4141">
     <span class='ocr_line' id='line_1_35' title="bbox 127 4131 347 4141; baseline -0.005 0"><span class='ocrx_word' id='word_1_269' title='bbox 127 4131 347 4141; x_wconf 82' lang='lat'><em>-.-—-——-</em></span> 
     </span>
    </p>
   </div>
   <div class='ocr_carea' id='block_1_11' title="bbox 126 4212 1251 4372">
    <p class='ocr_par' dir='ltr' id='par_1_12' title="bbox 126 4212 1251 4372">
     <span class='ocr_line' id='line_1_36' title="bbox 224 4212 1251 4282; baseline -0.003 -13"><span class='ocrx_word' id='word_1_270' title='bbox 224 4215 233 4245; x_wconf 92' lang='lat'><strong>¹</strong></span> <span class='ocrx_word' id='word_1_271' title='bbox 253 4214 340 4282; x_wconf 79' lang='lat' dir='ltr'>Caput</span> <span class='ocrx_word' id='word_1_272' title='bbox 363 4213 486 4268; x_wconf 92' lang='lat' dir='ltr'>ultimum</span> <span class='ocrx_word' id='word_1_273' title='bbox 511 4213 662 4267; x_wconf 77' lang='lat' dir='ltr'>Boeclrhius</span> <span class='ocrx_word' id='word_1_274' title='bbox 688 4213 749 4266; x_wconf 87' lang='lat' dir='ltr'>clim</span> <span class='ocrx_word' id='word_1_275' title='bbox 774 4213 919 4267; x_wconf 77' lang='lat' dir='ltr'>atlcmino</span> <span class='ocrx_word' id='word_1_276' title='bbox 938 4212 1109 4267; x_wconf 83' lang='lat' dir='ltr'>abiudicavit.</span> <span class='ocrx_word' id='word_1_277' title='bbox 1157 4212 1208 4264; x_wconf 87' lang='lat' dir='ltr'>Sed</span> <span class='ocrx_word' id='word_1_278' title='bbox 1227 4229 1251 4266; x_wconf 88' lang='lat' dir='ltr'>r.</span> 
     </span>
     <span class='ocr_line' id='line_1_37' title="bbox 126 4303 484 4372; baseline -0.017 -11"><span class='ocrx_word' id='word_1_279' title='bbox 126 4307 210 4361; x_wconf 83' lang='lat' dir='ltr'>Blass</span> <span class='ocrx_word' id='word_1_280' title='bbox 228 4303 247 4357; x_wconf 94' lang='lat' dir='ltr'>l.</span> <span class='ocrx_word' id='word_1_281' title='bbox 265 4303 284 4357; x_wconf 90' lang='lat' dir='ltr'>l.</span> <span class='ocrx_word' id='word_1_282' title='bbox 301 4320 326 4372; x_wconf 85' lang='lat' dir='ltr'>p.</span> <span class='ocrx_word' id='word_1_283' title='bbox 344 4306 380 4356; x_wconf 80' lang='grc'>24</span> <span class='ocrx_word' id='word_1_284' title='bbox 397 4321 440 4358; x_wconf 88' lang='lat' dir='ltr'>an.</span> <span class='ocrx_word' id='word_1_285' title='bbox 460 4304 484 4356; x_wconf 90' lang='grc'>1.</span> 
     </span>
    </p>
   </div>
   <div class='ocr_carea' id='block_1_12' title="bbox 0 0 1393 4852">
    <p class='ocr_par' dir='ltr' id='par_1_13' title="bbox 0 0 1393 4852">
     <span class='ocr_line' id='line_1_38' title="bbox 0 0 1393 4852; baseline 0 0"><span class='ocrx_word' id='word_1_286' title='bbox 0 0 1393 4852; x_wconf 95' lang='lat' dir='ltr'> </span> 
     </span>
    </p>
   </div>
  </div>
 </body>
</html>
