2760 4852
169 335 217 402 54

166 558 288 604 morum
313 538 477 619 excerptis
501 558 563 603 non
588 541 730 619 exstant,
752 542 865 607 contra
884 538 986 602 multa
1010 538 1096 618 apud
1121 536 1287 619 Hyginum

109 717 112 724 ,
166 645 301 731 (Maass.
325 666 356 727 p.
382 644 538 728 60—69),
562 664 657 710 unum
682 644 769 726 apud
793 643 1019 710 Germanicum
1043 663 1074 710 v.
1100 650 1159 709 91:

235 751 319 833 ,Sive
343 750 399 816 ille
422 752 646 834 Arctophylax
670 771 727 817 seu
750 750 872 816 Bacchi
897 753 936 815 ob
961 770 1095 816 munera
1118 769 1234 815 caesus
1332 834 1337 843 .

232 859 345 923 Icarus
369 863 516 940 ereptam
538 857 691 940 pensavit
714 857 819 923 sidere
843 857 966 923 vitam.²

255 965 306 1029 hd
339 966 438 1030 Aram
469 964 521 1029 dei
551 964 637 1029 inter
666 983 700 1030 se
729 963 991 1044 coniuraverunt,
1025 982 1093 1027 cum
1128 963 1289 1028 adversus

166 1073 319 1155 gigantes
342 1073 460 1137 bellum
484 1072 660 1155 gerendum
685 1077 773 1137 esset
805 1070 863 1154 (M.
893 1075 958 1135 420
987 1089 1107 1149 sqq:
1122 1073 1233 1134 catast
1256 1090 1288 1151 p.

169 1186 230 1244 182
255 1177 328 1264 so).

255 1287 306 1351 Ad
334 1286 440 1352 Piscis
469 1285 557 1350 Notii
585 1291 684 1367 caput
713 1286 897 1366 Amphorae
926 1304 1011 1363 aqua
1039 1282 1111 1348 duit
1140 1282 1198 1366 (M.
1223 1288 1288 1378 431}

167 1394 396 1472 sqq.=schol.
420 1395 477 1457 Ar.
501 1413 532 1458 v.
558 1393 646 1479 386).

256 1498 419 1582 Quantum
443 1505 533 1565 terra
557 1520 577 1565 a
596 1501 686 1565 caelo
707 1499 810 1564 distat
829 1498 887 1581 (Μ.
910 1497 1131 1562 544--schol
1151 1517 1182 1578 p.
1204 1499 1287 1562 991.

167 1613 207 1670 25
245 1606 342 1691 squ),
375 1612 501 1672 tantum
535 1607 597 1671 duo
630 1605 725 1671 zodia
755 1610 871 1687 patent
917 1603 974 1690 (M.
1009 1604 1232 1668 545=schol
1267 1605 1288 1669 l.

168 1714 322 1799 2648).
382 1714 464 1777 Nam
497 1713 608 1778 radius
643 1712 824 1791 ubicunqne
867 1715 995 1776 sextam
1027 1709 1097 1776 sive
1130 1709 1291 1776 diameter

130 1871 133 1876 .
166 1819 297 1884 tertiam
321 1825 448 1900 partem
474 1819 586 1885 circuli
610 1819 708 1884 efficit
738 1818 795 1902 (M.
823 1817 1161 1882 545-547=schol.
1186 1818 1243 1882 Ar.
1268 1819 1290 1883 l.

117 1997 120 2003 ,
170 1928 314 2012 28--30)
344 1927 447 1991 Terra
480 1931 588 1991 autem
621 1925 655 1990 in
688 1924 792 1990 medio
824 1924 933 1989 muudi
963 1926 1033 1989 loco
1058 1943 1216 2006 suspensa
1240 1930 1292 1990 est

169 2031 227 2115 (M.
253 2039 316 2098 550
342 2034 548 2114 sq.=⁴schol.
573 2034 594 2097 l.
620 2038 660 2096 30
685 2032 781 2117 sod).

256 2140 361 2204 Multa
397 2139 552 2204 Manilius
593 2142 634 2204 ab
672 2141 774 2203 Arato
812 2137 882 2219 ipso
920 2137 1067 2220 sumpsit,
1106 2139 1209 2202 multa
1248 2140 1292 2204 ad

170 2247 415 2312 commentarios
444 2246 620 2328 pertinent.
666 2248 775 2326 Atque
799 2245 976 2327 proximum
1006 2265 1084 2312 vero
1116 2251 1166 2310 est
1190 2247 1293 2310 talem

171 2353 322 2418 carminis
369 2353 542 2417 editionem
590 2373 660 2418 eum
700 2352 896 2433 adhibuisse,
940 2352 1028 2417 cuius
1070 2352 1103 2417 in
1144 2353 1292 2435 margine

170 2460 451 2542 interpretationis
476 2478 575 2525 causa
599 2461 640 2525 ad
665 2459 809 2542 singulos
834 2478 947 2525 versus
976 2459 1099 2524 scholia
1123 2459 1292 2541 adscripta

171 2575 276 2633 erant.

257 2673 423 2739 luterdum
442 2673 596 2739 Manilius
620 2693 684 2738 una
709 2693 779 2738 cum
798 2673 992 2739 Germanico
1013 2694 1032 2739 a
1052 2672 1291 2739 catasterismis

170 2787 204 2845 et
227 2781 357 2845 scholiis
382 2780 530 2861 discedit,
557 2784 590 2844 et
613 2780 845 2845 Eratosthenei
875 2779 1027 2845 carminis
1058 2780 1199 2863 vestigia
1227 2801 1292 2845 non

169 2887 231 2952 nisi
262 2888 347 2969 apud
380 2888 438 2951 hos
473 2886 662 2968 invenimus,
695 2906 765 2952 cum
799 2887 1021 2951 commentarii
1053 2888 1102 2952 illi
1129 2886 1293 2970 Erigones

170 2995 312 3059 tabulam
337 2994 463 3058 omuino
495 2995 681 3075 neglegant.
735 2993 844 3075 Quare
875 2993 1021 3074 suspicor
1048 2998 1164 3075 poetas
1194 2994 1293 3059 Arati

171 3101 330 3166 editiones
343 3100 457 3165 iisdem
470 3100 601 3165 scholiis
620 3099 808 3182 instructas,
828 3100 890 3166 uisi
909 3101 994 3166 forte
1014 3102 1150 3166 eundem
1173 3101 1290 3166 librum

170 3208 355 3273 adhibuisse
365 3205 385 3272 ¹.

571 3437 786 3504 Excursus
810 3437 887 3504 ΙΙΙ.

259 3599 309 3662 De
340 3598 469 3663 circulis
501 3598 618 3663 coluris
641 3598 794 3663 Manilius
824 3601 924 3664 multo
956 3599 1084 3664 uberior
1113 3605 1164 3664 est
1195 3621 1290 3681 quam

171 3705 272 3770 ceteri
304 3712 462 3788 auctores
496 3706 609 3786 quihus
637 3706 887 3770 Posidoniauam
921 3705 1100 3771 doctrinam
1125 3707 1290 3772 debemus.

170 3814 246 3893 lpse
262 3818 431 3878 enumerat
450 3813 556 3878 omnia
571 3813 674 3895 signa,
691 3833 773 3892 qrrae
793 3812 911 3879 coluris
928 3817 1118 3896 tanguntur,
1134 3813 1291 3879 Geminus

171 3926 206 3984 et
229 3920 372 3984 Achilles
396 3920 540 3986 breviter
564 3919 675 3985 dicunt
695 3922 745 3983 διὰ
765 3927 829 3984 τῶν
847 3926 1008 4002 τροπικῶν
1026 3921 1080 3983 καὶ
1099 3922 1292 4003 ἰσημερινῶν

171 4029 314 4109 σημείων
337 4047 391 4091 eos
416 4026 551 4092 circulos
575 4026 724 4093 describi.

261 4203 268 4232 ¹
289 4203 340 4256 Sed
357 4203 480 4256 Manilius
494 4204 579 4270 ipsum
594 4220 698 4270 quoque
713 4204 865 4257 Germanici
880 4221 986 4258 carmen
997 4203 1126 4271 inspexit,
1142 4204 1176 4257 ct'.
1188 4204 1292 4270 Freier,

172 4293 204 4345 de
222 4293 257 4345 M.
276 4293 346 4345 Mau.
367 4309 434 4358 <puae
453 4293 577 4346 feruntur
595 4298 694 4346 astron.
714 4299 805 4347 aetate
824 4310 849 4360 p.
869 4295 903 4345 67
922 4310 978 4359 sqq.
