<?xml version="1.0" encoding="UTF-8"?>
<!DOCTYPE html PUBLIC "-//W3C//DTD XHTML 1.0 Transitional//EN"
    "http://www.w3.org/TR/xhtml1/DTD/xhtml1-transitional.dtd">
<html xmlns="http://www.w3.org/1999/xhtml" xml:lang="en" lang="en">
 <head>
  <title>
</title>
<meta http-equiv="Content-Type" content="text/html;charset=utf-8" />
  <meta name='ocr-system' content='tesseract 3.04.00' />
  <meta name='ocr-capabilities' content='ocr_page ocr_carea ocr_par ocr_line ocrx_word'/>
</head>
<body>
  <div class='ocr_page' id='page_1' title='image "./deauctoribusqui01malcgoog_0020.png"; bbox 0 0 2760 4852; ppageno 0'>
   <div class='ocr_carea' id='block_1_1' title="bbox 1207 361 1250 428">
    <p class='ocr_par' dir='ltr' id='par_1_1' title="bbox 1207 361 1250 428">
     <span class='ocr_line' id='line_1_1' title="bbox 1207 361 1250 428; baseline 0.023 -1"><span class='ocrx_word' id='word_1_1' title='bbox 1207 361 1250 428; x_wconf 86' lang='lat'>17</span> 
     </span>
    </p>
   </div>
   <div class='ocr_carea' id='block_1_2' title="bbox 126 559 1257 3107">
    <p class='ocr_par' dir='ltr' id='par_1_2' title="bbox 131 559 1257 1504">
     <span class='ocr_line' id='line_1_2' title="bbox 132 559 1254 647; baseline 0.007 -23"><span class='ocrx_word' id='word_1_2' title='bbox 132 559 240 625; x_wconf 82' lang='lat' dir='ltr'>forma</span> <span class='ocrx_word' id='word_1_3' title='bbox 255 561 395 626; x_wconf 88' lang='lat' dir='ltr'>rotunda</span> <span class='ocrx_word' id='word_1_4' title='bbox 409 567 552 645; x_wconf 83' lang='lat' dir='ltr'>putetur,</span> <span class='ocrx_word' id='word_1_5' title='bbox 568 564 652 628; x_wconf 89' lang='lat' dir='ltr'>hano</span> <span class='ocrx_word' id='word_1_6' title='bbox 668 563 751 628; x_wconf 90' lang='lat' dir='ltr'>enim</span> <span class='ocrx_word' id='word_1_7' title='bbox 768 584 839 630; x_wconf 89' lang='lat' dir='ltr'>esse</span> <span class='ocrx_word' id='word_1_8' title='bbox 855 564 993 629; x_wconf 92' lang='lat' dir='ltr'>omnium</span> <span class='ocrx_word' id='word_1_9' title='bbox 1006 565 1254 647; x_wconf 78' lang='lat' dir='ltr'>pulcherrimam</span> 
     </span>
     <span class='ocr_line' id='line_1_3' title="bbox 133 667 1256 752; baseline 0.006 -20"><span class='ocrx_word' id='word_1_10' title='bbox 133 672 171 733; x_wconf 87' lang='lat' dir='ltr'>et</span> <span class='ocrx_word' id='word_1_11' title='bbox 195 667 426 750; x_wconf 89' lang='lat' dir='ltr'>aptissimam¹.</span> <span class='ocrx_word' id='word_1_12' title='bbox 468 669 610 735; x_wconf 81' lang='lat' dir='ltr'>Maxime</span> <span class='ocrx_word' id='word_1_13' title='bbox 634 670 677 735; x_wconf 91' lang='lat' dir='ltr'>ad</span> <span class='ocrx_word' id='word_1_14' title='bbox 700 670 828 735; x_wconf 85' lang='lat' dir='ltr'>Manilii</span> <span class='ocrx_word' id='word_1_15' title='bbox 854 690 965 737; x_wconf 87' lang='lat' dir='ltr'>versus</span> <span class='ocrx_word' id='word_1_16' title='bbox 990 673 1154 752; x_wconf 83' lang='lat' dir='ltr'>quadrant</span> <span class='ocrx_word' id='word_1_17' title='bbox 1173 674 1256 739; x_wconf 91' lang='lat' dir='ltr'>haec</span> 
     </span>
     <span class='ocr_line' id='line_1_4' title="bbox 133 774 1256 864; baseline 0.006 -25"><span class='ocrx_word' id='word_1_18' title='bbox 133 775 301 841; x_wconf 80' lang='lat' dir='ltr'>Ciceronis</span> <span class='ocrx_word' id='word_1_19' title='bbox 324 777 426 842; x_wconf 88' lang='lat' dir='ltr'>verba</span> <span class='ocrx_word' id='word_1_20' title='bbox 450 774 506 860; x_wconf 83' lang='grc' dir='ltr'>(Π,</span> <span class='ocrx_word' id='word_1_21' title='bbox 531 777 602 860; x_wconf 82' lang='grc'>47);</span> <span class='ocrx_word' id='word_1_22' title='bbox 635 775 705 857; x_wconf 88' lang='lat' dir='ltr'>‚His</span> <span class='ocrx_word' id='word_1_23' title='bbox 734 777 858 842; x_wconf 87' lang='lat' dir='ltr'>duabus</span> <span class='ocrx_word' id='word_1_24' title='bbox 881 777 993 843; x_wconf 88' lang='lat' dir='ltr'>formis</span> <span class='ocrx_word' id='word_1_25' title='bbox 1018 778 1077 864; x_wconf 81' lang='lat' dir='ltr'>(sc.</span> <span class='ocrx_word' id='word_1_26' title='bbox 1102 779 1197 862; x_wconf 90' lang='lat' dir='ltr'>globo</span> <span class='ocrx_word' id='word_1_27' title='bbox 1223 786 1256 846; x_wconf 91' lang='lat' dir='ltr'>et</span> 
     </span>
     <span class='ocr_line' id='line_1_5' title="bbox 133 881 1256 967; baseline 0.004 -20"><span class='ocrx_word' id='word_1_28' title='bbox 133 881 272 967; x_wconf 85' lang='lat' dir='ltr'>circulo)</span> <span class='ocrx_word' id='word_1_29' title='bbox 301 882 461 966; x_wconf 88' lang='lat' dir='ltr'>contingit</span> <span class='ocrx_word' id='word_1_30' title='bbox 492 882 584 966; x_wconf 86' lang='lat' dir='ltr'>solis,</span> <span class='ocrx_word' id='word_1_31' title='bbox 609 890 645 948; x_wconf 89' lang='lat' dir='ltr'>ut</span> <span class='ocrx_word' id='word_1_32' title='bbox 669 903 778 949; x_wconf 89' lang='lat' dir='ltr'>omnes</span> <span class='ocrx_word' id='word_1_33' title='bbox 802 903 912 950; x_wconf 90' lang='lat' dir='ltr'>earum</span> <span class='ocrx_word' id='word_1_34' title='bbox 936 892 1050 966; x_wconf 90' lang='lat' dir='ltr'>partes</span> <span class='ocrx_word' id='word_1_35' title='bbox 1079 885 1146 951; x_wconf 87' lang='lat' dir='ltr'>sint</span> <span class='ocrx_word' id='word_1_36' title='bbox 1169 887 1256 952; x_wconf 91' lang='lat' dir='ltr'>inter</span> 
     </span>
     <span class='ocr_line' id='line_1_6' title="bbox 133 989 1257 1077; baseline 0.003 -22"><span class='ocrx_word' id='word_1_37' title='bbox 133 1009 171 1055; x_wconf 86' lang='lat' dir='ltr'>se</span> <span class='ocrx_word' id='word_1_38' title='bbox 205 989 396 1055; x_wconf 83' lang='lat' dir='ltr'>simillumae</span> <span class='ocrx_word' id='word_1_39' title='bbox 430 989 487 1074; x_wconf 90' lang='lat'>(=</span> <span class='ocrx_word' id='word_1_40' title='bbox 511 1010 542 1056; x_wconf 90' lang='lat' dir='ltr'>v.</span> <span class='ocrx_word' id='word_1_41' title='bbox 568 990 648 1077; x_wconf 73' lang='lat'>213)</span> <span class='ocrx_word' id='word_1_42' title='bbox 683 1010 703 1055; x_wconf 90' lang='lat' dir='ltr'>a</span> <span class='ocrx_word' id='word_1_43' title='bbox 734 991 903 1071; x_wconf 88' lang='lat' dir='ltr'>medioque</span> <span class='ocrx_word' id='word_1_44' title='bbox 941 993 1133 1057; x_wconf 78' lang='lat' dir='ltr'>tantundem</span> <span class='ocrx_word' id='word_1_45' title='bbox 1170 993 1257 1060; x_wconf 89' lang='lat' dir='ltr'>absit</span> 
     </span>
     <span class='ocr_line' id='line_1_7' title="bbox 133 1096 1255 1179; baseline 0.003 -17"><span class='ocrx_word' id='word_1_46' title='bbox 133 1101 330 1179; x_wconf 82' lang='lat' dir='ltr'>extremum,</span> <span class='ocrx_word' id='word_1_47' title='bbox 356 1117 417 1177; x_wconf 93' lang='lat' dir='ltr'>quo</span> <span class='ocrx_word' id='word_1_48' title='bbox 445 1097 527 1162; x_wconf 91' lang='lat' dir='ltr'>nihil</span> <span class='ocrx_word' id='word_1_49' title='bbox 549 1096 621 1162; x_wconf 88' lang='lat' dir='ltr'>fieri</span> <span class='ocrx_word' id='word_1_50' title='bbox 646 1103 756 1179; x_wconf 89' lang='lat' dir='ltr'>potest</span> <span class='ocrx_word' id='word_1_51' title='bbox 780 1097 898 1179; x_wconf 87' lang='lat' dir='ltr'>aptius.</span> <span class='ocrx_word' id='word_1_52' title='bbox 947 1098 1011 1164; x_wconf 82' lang='lat' dir='ltr'>Sed</span> <span class='ocrx_word' id='word_1_53' title='bbox 1035 1098 1063 1164; x_wconf 91' lang='lat' dir='ltr'>si</span> <span class='ocrx_word' id='word_1_54' title='bbox 1087 1100 1169 1165; x_wconf 91' lang='lat' dir='ltr'>haec</span> <span class='ocrx_word' id='word_1_55' title='bbox 1192 1120 1255 1165; x_wconf 92' lang='lat' dir='ltr'>non</span> 
     </span>
     <span class='ocr_line' id='line_1_8' title="bbox 132 1202 1256 1288; baseline 0.003 -19"><span class='ocrx_word' id='word_1_56' title='bbox 132 1202 257 1269; x_wconf 90' lang='lat' dir='ltr'>videtis</span> <span class='ocrx_word' id='word_1_57' title='bbox 283 1255 288 1268; x_wconf 95' lang='lat'><em>.</em></span> <span class='ocrx_word' id='word_1_58' title='bbox 316 1253 322 1267; x_wconf 91' lang='lat'>.</span> <span class='ocrx_word' id='word_1_59' title='bbox 349 1256 355 1269; x_wconf 93' lang='lat'><em>.</em></span> <span class='ocrx_word' id='word_1_60' title='bbox 382 1256 389 1287; x_wconf 89' lang='lat'>‚</span> <span class='ocrx_word' id='word_1_61' title='bbox 414 1223 454 1268; x_wconf 90' lang='lat' dir='ltr'>ne</span> <span class='ocrx_word' id='word_1_62' title='bbox 482 1205 543 1269; x_wconf 91' lang='lat' dir='ltr'>hoc</span> <span class='ocrx_word' id='word_1_63' title='bbox 572 1203 700 1283; x_wconf 90' lang='lat' dir='ltr'>quidem</span> <span class='ocrx_word' id='word_1_64' title='bbox 723 1203 850 1287; x_wconf 80' lang='lat' dir='ltr'>physici</span> <span class='ocrx_word' id='word_1_65' title='bbox 873 1204 1067 1288; x_wconf 83' lang='lat' dir='ltr'>intellegere</span> <span class='ocrx_word' id='word_1_66' title='bbox 1091 1207 1256 1288; x_wconf 71' lang='lat' dir='ltr'>potuistis</span> 
     </span>
     <span class='ocr_line' id='line_1_9' title="bbox 132 1311 1257 1392; baseline 0.004 -18"><span class='ocrx_word' id='word_1_67' title='bbox 132 1312 220 1375; x_wconf 91' lang='lat' dir='ltr'>hanc</span> <span class='ocrx_word' id='word_1_68' title='bbox 244 1311 512 1391; x_wconf 86' lang='lat' dir='ltr'>aequabilitatem</span> <span class='ocrx_word' id='word_1_69' title='bbox 536 1317 640 1376; x_wconf 91' lang='lat' dir='ltr'>motus</span> <span class='ocrx_word' id='word_1_70' title='bbox 660 1311 940 1392; x_wconf 85' lang='lat' dir='ltr'>constantiamque</span> <span class='ocrx_word' id='word_1_71' title='bbox 960 1311 1106 1377; x_wconf 87' lang='lat' dir='ltr'>ordinum</span> <span class='ocrx_word' id='word_1_72' title='bbox 1131 1313 1164 1377; x_wconf 95' lang='lat' dir='ltr'>in</span> <span class='ocrx_word' id='word_1_73' title='bbox 1189 1314 1257 1379; x_wconf 90' lang='lat' dir='ltr'>alia</span> 
     </span>
     <span class='ocr_line' id='line_1_10' title="bbox 131 1417 937 1504; baseline 0.002 -22"><span class='ocrx_word' id='word_1_74' title='bbox 131 1418 241 1500; x_wconf 89' lang='lat' dir='ltr'>figura</span> <span class='ocrx_word' id='word_1_75' title='bbox 264 1438 327 1483; x_wconf 91' lang='lat' dir='ltr'>uon</span> <span class='ocrx_word' id='word_1_76' title='bbox 351 1419 496 1500; x_wconf 89' lang='lat' dir='ltr'>potuisse</span> <span class='ocrx_word' id='word_1_77' title='bbox 521 1417 672 1484; x_wconf 82' lang='lat' dir='ltr'>servari?</span> <span class='ocrx_word' id='word_1_78' title='bbox 699 1417 756 1504; x_wconf 88' lang='lat'>(=</span> <span class='ocrx_word' id='word_1_79' title='bbox 780 1438 810 1484; x_wconf 92' lang='lat' dir='ltr'>v.</span> <span class='ocrx_word' id='word_1_80' title='bbox 837 1418 937 1504; x_wconf 73' lang='grc' dir='ltr'>211).ι</span> 
     </span>
    </p>

    <p class='ocr_par' dir='ltr' id='par_1_3' title="bbox 126 1525 1257 3107">
     <span class='ocr_line' id='line_1_11' title="bbox 226 1525 1256 1609; baseline 0.002 -18"><span class='ocrx_word' id='word_1_81' title='bbox 226 1525 398 1591; x_wconf 83' lang='lat' dir='ltr'>Causam</span> <span class='ocrx_word' id='word_1_82' title='bbox 430 1527 490 1591; x_wconf 93' lang='lat' dir='ltr'>hoc</span> <span class='ocrx_word' id='word_1_83' title='bbox 521 1544 646 1606; x_wconf 90' lang='lat' dir='ltr'>quoquo</span> <span class='ocrx_word' id='word_1_84' title='bbox 679 1525 788 1607; x_wconf 89' lang='lat' dir='ltr'>capite</span> <span class='ocrx_word' id='word_1_85' title='bbox 817 1531 1065 1609; x_wconf 89' lang='lat' dir='ltr'>argumenta</span> <span class='ocrx_word' id='word_1_86' title='bbox 1093 1531 1256 1593; x_wconf 91' lang='lat' dir='ltr'>secuntur.</span> 
     </span>
     <span class='ocr_line' id='line_1_12' title="bbox 131 1632 1257 1717; baseline 0.001 -19"><span class='ocrx_word' id='word_1_87' title='bbox 131 1633 269 1698; x_wconf 94' lang='lat' dir='ltr'>Duobus</span> <span class='ocrx_word' id='word_1_88' title='bbox 302 1639 400 1714; x_wconf 78' lang='lat' dir='ltr'>poeta</span> <span class='ocrx_word' id='word_1_89' title='bbox 432 1632 549 1715; x_wconf 82' lang='lat' dir='ltr'>utitur,</span> <span class='ocrx_word' id='word_1_90' title='bbox 588 1632 703 1713; x_wconf 91' lang='lat' dir='ltr'>quibus</span> <span class='ocrx_word' id='word_1_91' title='bbox 741 1633 894 1698; x_wconf 84' lang='lat' dir='ltr'>ostendat</span> <span class='ocrx_word' id='word_1_92' title='bbox 930 1639 1052 1698; x_wconf 88' lang='lat' dir='ltr'>terram</span> <span class='ocrx_word' id='word_1_93' title='bbox 1090 1636 1257 1717; x_wconf 81' lang='lat' dir='ltr'>globosam</span> 
     </span>
     <span class='ocr_line' id='line_1_13' title="bbox 133 1739 1257 1823; baseline 0.002 -18"><span class='ocrx_word' id='word_1_94' title='bbox 133 1760 218 1806; x_wconf 91' lang='lat' dir='ltr'>esse.</span> <span class='ocrx_word' id='word_1_95' title='bbox 250 1739 390 1823; x_wconf 81' lang='lat' dir='ltr'>Quorum</span> <span class='ocrx_word' id='word_1_96' title='bbox 411 1741 548 1806; x_wconf 88' lang='lat' dir='ltr'>alterum</span> <span class='ocrx_word' id='word_1_97' title='bbox 569 1760 588 1805; x_wconf 92' lang='lat' dir='ltr'>a</span> <span class='ocrx_word' id='word_1_98' title='bbox 608 1739 710 1823; x_wconf 90' lang='lat' dir='ltr'>signis</span> <span class='ocrx_word' id='word_1_99' title='bbox 729 1739 878 1822; x_wconf 87' lang='lat' dir='ltr'>arcessit,</span> <span class='ocrx_word' id='word_1_100' title='bbox 899 1759 981 1820; x_wconf 87' lang='lat' dir='ltr'>quae</span> <span class='ocrx_word' id='word_1_101' title='bbox 998 1741 1218 1822; x_wconf 84' lang='lat' dir='ltr'>proficiscenti</span> <span class='ocrx_word' id='word_1_102' title='bbox 1237 1762 1257 1807; x_wconf 88' lang='lat' dir='ltr'>a</span> 
     </span>
     <span class='ocr_line' id='line_1_14' title="bbox 133 1847 1256 1930; baseline -0.001 -16"><span class='ocrx_word' id='word_1_103' title='bbox 133 1847 425 1929; x_wconf 81' lang='lat' dir='ltr'>septemtrionibus</span> <span class='ocrx_word' id='word_1_104' title='bbox 443 1848 485 1911; x_wconf 91' lang='lat' dir='ltr'>ad</span> <span class='ocrx_word' id='word_1_105' title='bbox 505 1847 672 1912; x_wconf 91' lang='lat' dir='ltr'>meridiem</span> <span class='ocrx_word' id='word_1_106' title='bbox 690 1867 754 1912; x_wconf 93' lang='lat' dir='ltr'>non</span> <span class='ocrx_word' id='word_1_107' title='bbox 773 1847 918 1913; x_wconf 90' lang='lat' dir='ltr'>omuibus</span> <span class='ocrx_word' id='word_1_108' title='bbox 936 1847 1123 1930; x_wconf 83' lang='lat' dir='ltr'>regionibus</span> <span class='ocrx_word' id='word_1_109' title='bbox 1143 1849 1256 1914; x_wconf 90' lang='lat' dir='ltr'>eadem</span> 
     </span>
     <span class='ocr_line' id='line_1_15' title="bbox 133 1951 1256 2037; baseline 0.001 -17"><span class='ocrx_word' id='word_1_110' title='bbox 133 1951 349 2037; x_wconf 74' lang='lat' dir='ltr'>appareant²‚</span> <span class='ocrx_word' id='word_1_111' title='bbox 382 1955 521 2019; x_wconf 89' lang='lat' dir='ltr'>alterum</span> <span class='ocrx_word' id='word_1_112' title='bbox 551 1974 571 2019; x_wconf 90' lang='lat' dir='ltr'>a</span> <span class='ocrx_word' id='word_1_113' title='bbox 601 1953 773 2019; x_wconf 87' lang='lat' dir='ltr'>deficiente</span> <span class='ocrx_word' id='word_1_114' title='bbox 803 1954 894 2036; x_wconf 85' lang='lat' dir='ltr'>luna,</span> <span class='ocrx_word' id='word_1_115' title='bbox 928 1973 1022 2033; x_wconf 91' lang='lat' dir='ltr'>quam</span> <span class='ocrx_word' id='word_1_116' title='bbox 1052 1954 1142 2036; x_wconf 91' lang='lat' dir='ltr'>prius</span> <span class='ocrx_word' id='word_1_117' title='bbox 1177 1974 1256 2021; x_wconf 88' lang='lat' dir='ltr'>eoae</span> 
     </span>
     <span class='ocr_line' id='line_1_16' title="bbox 132 2060 1254 2144; baseline 0 -19"><span class='ocrx_word' id='word_1_118' title='bbox 132 2065 262 2144; x_wconf 69' lang='lat' dir='ltr'>gentes</span> <span class='ocrx_word' id='word_1_119' title='bbox 286 2066 362 2142; x_wconf 89' lang='lat' dir='ltr'>post</span> <span class='ocrx_word' id='word_1_120' title='bbox 384 2060 555 2142; x_wconf 91' lang='lat' dir='ltr'>hesperiae</span> <span class='ocrx_word' id='word_1_121' title='bbox 580 2061 775 2125; x_wconf 89' lang='lat' dir='ltr'>desiderent.</span> <span class='ocrx_word' id='word_1_122' title='bbox 821 2060 906 2124; x_wconf 91' lang='lat' dir='ltr'>Illud</span> <span class='ocrx_word' id='word_1_123' title='bbox 935 2065 1025 2125; x_wconf 90' lang='lat' dir='ltr'>recte</span> <span class='ocrx_word' id='word_1_124' title='bbox 1049 2080 1122 2126; x_wconf 87' lang='lat' dir='ltr'>sese</span> <span class='ocrx_word' id='word_1_125' title='bbox 1144 2062 1254 2143; x_wconf 79' lang='lat' dir='ltr'>habet,</span> 
     </span>
     <span class='ocr_line' id='line_1_17' title="bbox 132 2166 1256 2250; baseline -0.001 -16"><span class='ocrx_word' id='word_1_126' title='bbox 132 2171 197 2234; x_wconf 91' lang='lat' dir='ltr'>hoc</span> <span class='ocrx_word' id='word_1_127' title='bbox 221 2168 330 2250; x_wconf 90' lang='lat' dir='ltr'>inepte</span> <span class='ocrx_word' id='word_1_128' title='bbox 359 2167 538 2232; x_wconf 91' lang='lat' dir='ltr'>adhibitum</span> <span class='ocrx_word' id='word_1_129' title='bbox 569 2173 629 2233; x_wconf 87' lang='lat' dir='ltr'>est.</span> <span class='ocrx_word' id='word_1_130' title='bbox 675 2166 828 2233; x_wconf 89' lang='lat' dir='ltr'>Manilius</span> <span class='ocrx_word' id='word_1_131' title='bbox 853 2167 936 2231; x_wconf 92' lang='lat' dir='ltr'>enim</span> <span class='ocrx_word' id='word_1_132' title='bbox 962 2167 1042 2232; x_wconf 92' lang='lat' dir='ltr'>dicit</span> <span class='ocrx_word' id='word_1_133' title='bbox 1070 2169 1179 2233; x_wconf 91' lang='lat' dir='ltr'>lunam</span> <span class='ocrx_word' id='word_1_134' title='bbox 1203 2170 1256 2234; x_wconf 93' lang='lat' dir='ltr'>ob-</span> 
     </span>
     <span class='ocr_line' id='line_1_18' title="bbox 132 2275 1256 2358; baseline -0.001 -16"><span class='ocrx_word' id='word_1_135' title='bbox 132 2280 300 2342; x_wconf 88' lang='lat' dir='ltr'>scuratam</span> <span class='ocrx_word' id='word_1_136' title='bbox 332 2276 485 2356; x_wconf 88' lang='lat' dir='ltr'>deinceps</span> <span class='ocrx_word' id='word_1_137' title='bbox 517 2275 602 2356; x_wconf 90' lang='lat' dir='ltr'>apud</span> <span class='ocrx_word' id='word_1_138' title='bbox 633 2294 689 2339; x_wconf 89' lang='lat' dir='ltr'>eas</span> <span class='ocrx_word' id='word_1_139' title='bbox 718 2280 834 2356; x_wconf 87' lang='lat' dir='ltr'>gentes</span> <span class='ocrx_word' id='word_1_140' title='bbox 865 2275 953 2356; x_wconf 85' lang='lat' dir='ltr'>oriri,</span> <span class='ocrx_word' id='word_1_141' title='bbox 978 2295 1061 2355; x_wconf 89' lang='lat' dir='ltr'>quae</span> <span class='ocrx_word' id='word_1_142' title='bbox 1085 2276 1190 2358; x_wconf 89' lang='lat' dir='ltr'>magis</span> <span class='ocrx_word' id='word_1_143' title='bbox 1214 2277 1256 2341; x_wconf 90' lang='lat' dir='ltr'>ad</span> 
     </span>
     <span class='ocr_line' id='line_1_19' title="bbox 132 2380 1255 2463; baseline -0.001 -15"><span class='ocrx_word' id='word_1_144' title='bbox 132 2383 337 2448; x_wconf 90' lang='lat' dir='ltr'>occidentem</span> <span class='ocrx_word' id='word_1_145' title='bbox 361 2401 475 2450; x_wconf 89' lang='lat' dir='ltr'>versus</span> <span class='ocrx_word' id='word_1_146' title='bbox 498 2381 660 2446; x_wconf 89' lang='lat' dir='ltr'>habitant.</span> <span class='ocrx_word' id='word_1_147' title='bbox 708 2380 792 2463; x_wconf 73' lang='lat' dir='ltr'>Qud</span> <span class='ocrx_word' id='word_1_148' title='bbox 815 2382 948 2446; x_wconf 88' lang='lat' dir='ltr'>taudem</span> <span class='ocrx_word' id='word_1_149' title='bbox 979 2380 1041 2446; x_wconf 90' lang='lat' dir='ltr'>sibi</span> <span class='ocrx_word' id='word_1_150' title='bbox 1065 2382 1136 2448; x_wconf 94' lang='lat' dir='ltr'>vult</span> <span class='ocrx_word' id='word_1_151' title='bbox 1159 2383 1255 2447; x_wconf 90' lang='lat' dir='ltr'>lunae</span> 
     </span>
     <span class='ocr_line' id='line_1_20' title="bbox 132 2488 1255 2570; baseline 0 -17"><span class='ocrx_word' id='word_1_152' title='bbox 132 2489 308 2555; x_wconf 80' lang='lat' dir='ltr'>deiectus?</span> <span class='ocrx_word' id='word_1_153' title='bbox 351 2490 441 2554; x_wconf 91' lang='lat' dir='ltr'>Idem</span> <span class='ocrx_word' id='word_1_154' title='bbox 475 2488 538 2553; x_wconf 91' lang='lat' dir='ltr'>dici</span> <span class='ocrx_word' id='word_1_155' title='bbox 568 2492 701 2570; x_wconf 88' lang='lat' dir='ltr'>poterat</span> <span class='ocrx_word' id='word_1_156' title='bbox 731 2488 770 2552; x_wconf 91' lang='lat' dir='ltr'>de</span> <span class='ocrx_word' id='word_1_157' title='bbox 801 2489 878 2553; x_wconf 92' lang='lat' dir='ltr'>luna</span> <span class='ocrx_word' id='word_1_158' title='bbox 907 2508 970 2552; x_wconf 94' lang='lat' dir='ltr'>non</span> <span class='ocrx_word' id='word_1_159' title='bbox 1000 2489 1184 2570; x_wconf 85' lang='lat' dir='ltr'>obscurata,</span> <span class='ocrx_word' id='word_1_160' title='bbox 1215 2489 1255 2553; x_wconf 91' lang='lat' dir='ltr'>de</span> 
     </span>
     <span class='ocr_line' id='line_1_21' title="bbox 127 2594 1255 2683; baseline -0.004 -20"><span class='ocrx_word' id='word_1_161' title='bbox 127 2596 210 2683; x_wconf 77' lang='lat' dir='ltr'>sole,</span> <span class='ocrx_word' id='word_1_162' title='bbox 242 2597 281 2661; x_wconf 92' lang='lat' dir='ltr'>de</span> <span class='ocrx_word' id='word_1_163' title='bbox 313 2596 459 2662; x_wconf 87' lang='lat' dir='ltr'>omnibus</span> <span class='ocrx_word' id='word_1_164' title='bbox 490 2596 604 2661; x_wconf 89' lang='lat' dir='ltr'>stellis.</span> <span class='ocrx_word' id='word_1_165' title='bbox 657 2594 740 2677; x_wconf 74' lang='lat' dir='ltr'>Quid</span> <span class='ocrx_word' id='word_1_166' title='bbox 771 2599 903 2675; x_wconf 74' lang='lat' dir='ltr'>poetam</span> <span class='ocrx_word' id='word_1_167' title='bbox 936 2594 1123 2676; x_wconf 84' lang='lat' dir='ltr'>adduxerit,</span> <span class='ocrx_word' id='word_1_168' title='bbox 1148 2600 1184 2659; x_wconf 89' lang='lat' dir='ltr'>ut</span> <span class='ocrx_word' id='word_1_169' title='bbox 1215 2595 1255 2659; x_wconf 93' lang='lat' dir='ltr'>de</span> 
     </span>
     <span class='ocr_line' id='line_1_22' title="bbox 127 2698 1253 2783; baseline -0.001 -16"><span class='ocrx_word' id='word_1_170' title='bbox 127 2702 262 2767; x_wconf 87' lang='lat' dir='ltr'>deiectu</span> <span class='ocrx_word' id='word_1_171' title='bbox 296 2703 493 2783; x_wconf 82' lang='lat' dir='ltr'>loqueretur,</span> <span class='ocrx_word' id='word_1_172' title='bbox 528 2702 716 2767; x_wconf 80' lang='lat' dir='ltr'>Cleomedes</span> <span class='ocrx_word' id='word_1_173' title='bbox 753 2719 812 2766; x_wconf 90' lang='lat' dir='ltr'>nos</span> <span class='ocrx_word' id='word_1_174' title='bbox 850 2701 955 2782; x_wconf 84' lang='lat' dir='ltr'>docet,</span> <span class='ocrx_word' id='word_1_175' title='bbox 991 2698 1046 2779; x_wconf 94' lang='lat' dir='ltr'>qui</span> <span class='ocrx_word' id='word_1_176' title='bbox 1083 2705 1253 2780; x_wconf 90' lang='lat' dir='ltr'>utrumque</span> 
     </span>
     <span class='ocr_line' id='line_1_23' title="bbox 127 2807 1254 2892; baseline -0.003 -17"><span class='ocrx_word' id='word_1_177' title='bbox 127 2815 357 2892; x_wconf 88' lang='lat' dir='ltr'>argumentum</span> <span class='ocrx_word' id='word_1_178' title='bbox 382 2810 478 2875; x_wconf 84' lang='lat' dir='ltr'>affert</span> <span class='ocrx_word' id='word_1_179' title='bbox 501 2830 532 2891; x_wconf 92' lang='lat' dir='ltr'>p.</span> <span class='ocrx_word' id='word_1_180' title='bbox 554 2816 594 2874; x_wconf 79' lang='lat'>82</span> <span class='ocrx_word' id='word_1_181' title='bbox 615 2811 667 2873; x_wconf 88' lang='grc' dir='ltr'>Ζ.;</span> <span class='ocrx_word' id='word_1_182' title='bbox 693 2860 699 2891; x_wconf 73' lang='grc'><em>,</em></span> <span class='ocrx_word' id='word_1_183' title='bbox 725 2859 731 2872; x_wconf 95' lang='grc'><strong><em>.</em></strong></span> <span class='ocrx_word' id='word_1_184' title='bbox 758 2859 764 2872; x_wconf 95' lang='grc'><strong><em>.</em></strong></span> <span class='ocrx_word' id='word_1_185' title='bbox 793 2809 857 2871; x_wconf 83' lang='grc' dir='ltr'>,οὐ</span> <span class='ocrx_word' id='word_1_186' title='bbox 881 2807 918 2870; x_wconf 86' lang='grc' dir='ltr'>τὰ</span> <span class='ocrx_word' id='word_1_187' title='bbox 943 2807 1022 2870; x_wconf 84' lang='grc' dir='ltr'><em>αὐτὰ</em></span> <span class='ocrx_word' id='word_1_188' title='bbox 1046 2808 1135 2889; x_wconf 83' lang='grc' dir='ltr'><em>παρὰ</em></span> <span class='ocrx_word' id='word_1_189' title='bbox 1159 2814 1254 2872; x_wconf 83' lang='grc' dir='ltr'><em>πᾶσιν</em></span> 
     </span>
     <span class='ocr_line' id='line_1_24' title="bbox 126 2914 1254 3001; baseline -0.003 -20"><span class='ocrx_word' id='word_1_190' title='bbox 126 2920 243 3000; x_wconf 79' lang='grc' dir='ltr'><em>ὁρᾶται</em></span> <span class='ocrx_word' id='word_1_191' title='bbox 267 2920 365 3000; x_wconf 79' lang='grc' dir='ltr'><em>ἄστρα</em></span> <span class='ocrx_word' id='word_1_192' title='bbox 389 2917 470 2999; x_wconf 86' lang='grc' dir='ltr'><em>πρὸς</em></span> <span class='ocrx_word' id='word_1_193' title='bbox 494 2919 603 2999; x_wconf 81' lang='grc' dir='ltr'><strong><em>ἄρκτῳ</em></strong></span> <span class='ocrx_word' id='word_1_194' title='bbox 626 2917 681 2980; x_wconf 80' lang='grc' dir='ltr'>καὶ</span> <span class='ocrx_word' id='word_1_195' title='bbox 703 2917 886 2998; x_wconf 79' lang='grc' dir='ltr'><em>μεσημβρίᾳ</em></span> <span class='ocrx_word' id='word_1_196' title='bbox 911 2915 968 3001; x_wconf 88' lang='lat'>(=</span> <span class='ocrx_word' id='word_1_197' title='bbox 992 2934 1045 2980; x_wconf 92' lang='lat' dir='ltr'>vv.</span> <span class='ocrx_word' id='word_1_198' title='bbox 1072 2920 1133 2979; x_wconf 75' lang='lat'>215</span> <span class='ocrx_word' id='word_1_199' title='bbox 1151 2914 1254 2998; x_wconf 58' lang='grc' dir='ltr'>ειμι.)ί</span> 
     </span>
     <span class='ocr_line' id='line_1_25' title="bbox 126 3022 1254 3107; baseline -0.004 -18"><span class='ocrx_word' id='word_1_200' title='bbox 126 3045 163 3106; x_wconf 84' lang='lat' dir='ltr'>p.</span> <span class='ocrx_word' id='word_1_201' title='bbox 184 3031 223 3089; x_wconf 85' lang='grc'>76</span> <span class='ocrx_word' id='word_1_202' title='bbox 243 3025 278 3088; x_wconf 89' lang='grc' dir='ltr'>Ζ.</span> <span class='ocrx_word' id='word_1_203' title='bbox 313 3024 493 3107; x_wconf 79' lang='grc' dir='ltr'><em>,Ἐλέγχεται</em></span> <span class='ocrx_word' id='word_1_204' title='bbox 512 3024 659 3087; x_wconf 81' lang='grc' dir='ltr'><em>δὲταῦτα</em></span> <span class='ocrx_word' id='word_1_205' title='bbox 684 3023 737 3086; x_wconf 86' lang='grc' dir='ltr'>κοὶ</span> <span class='ocrx_word' id='word_1_206' title='bbox 761 3025 796 3096; x_wconf 79' lang='grc' dir='ltr'>ἐξ</span> <span class='ocrx_word' id='word_1_207' title='bbox 819 3024 936 3104; x_wconf 81' lang='grc' dir='ltr'><em>ἑτέρων</em></span> <span class='ocrx_word' id='word_1_208' title='bbox 960 3022 1013 3084; x_wconf 84' lang='grc' dir='ltr'>κοὶ</span> <span class='ocrx_word' id='word_1_209' title='bbox 1036 3023 1071 3084; x_wconf 81' lang='grc' dir='ltr'>ἔκ</span> <span class='ocrx_word' id='word_1_210' title='bbox 1095 3028 1160 3085; x_wconf 85' lang='grc' dir='ltr'>τῶν</span> <span class='ocrx_word' id='word_1_211' title='bbox 1183 3023 1254 3105; x_wconf 80' lang='grc' dir='ltr'><em>περὶ</em></span> 
     </span>
    </p>
   </div>
   <div class='ocr_carea' id='block_1_3' title="bbox 123 3128 1253 3214">
    <p class='ocr_par' dir='ltr' id='par_1_4' title="bbox 123 3128 1253 3214">
     <span class='ocr_line' id='line_1_26' title="bbox 123 3128 1253 3214; baseline -0.002 -20"><span class='ocrx_word' id='word_1_212' title='bbox 123 3131 165 3194; x_wconf 78' lang='grc' dir='ltr'>τὰ</span> <span class='ocrx_word' id='word_1_213' title='bbox 191 3132 287 3214; x_wconf 84' lang='grc' dir='ltr'><em>ἄστρα</em></span> <span class='ocrx_word' id='word_1_214' title='bbox 312 3133 487 3214; x_wconf 76' lang='grc' dir='ltr'><em>γινομένων</em></span> <span class='ocrx_word' id='word_1_215' title='bbox 512 3131 686 3212; x_wconf 73' lang='grc' dir='ltr'><em>ἐκλείψεων</em></span> <span class='ocrx_word' id='word_1_216' title='bbox 714 3129 795 3192; x_wconf 86' lang='grc' dir='ltr'><em>κατὰ</em></span> <span class='ocrx_word' id='word_1_217' title='bbox 826 3128 940 3191; x_wconf 76' lang='grc' dir='ltr'><em>τοῦτὸν</em></span> <span class='ocrx_word' id='word_1_218' title='bbox 963 3128 1024 3209; x_wconf 87' lang='grc' dir='ltr'>μὲν</span> <span class='ocrx_word' id='word_1_219' title='bbox 1046 3128 1134 3210; x_wconf 84' lang='grc' dir='ltr'><em>παρὰ</em></span> <span class='ocrx_word' id='word_1_220' title='bbox 1157 3135 1253 3192; x_wconf 85' lang='grc' dir='ltr'><em>πᾶσιν</em></span> 
     </span>
    </p>
   </div>
   <div class='ocr_carea' id='block_1_4' title="bbox 123 3235 1253 3855">
    <p class='ocr_par' dir='ltr' id='par_1_5' title="bbox 123 3235 1253 3855">
     <span class='ocr_line' id='line_1_27' title="bbox 127 3235 1253 3320; baseline -0.002 -19"><span class='ocrx_word' id='word_1_221' title='bbox 127 3239 349 3311; x_wconf 79' lang='grc' dir='ltr'><em>ἐκλειπόντων,</em></span> <span class='ocrx_word' id='word_1_222' title='bbox 375 3239 413 3301; x_wconf 80' lang='grc' dir='ltr'>οὐ</span> <span class='ocrx_word' id='word_1_223' title='bbox 440 3238 507 3320; x_wconf 81' lang='grc' dir='ltr'>μὴν</span> <span class='ocrx_word' id='word_1_224' title='bbox 535 3245 590 3320; x_wconf 79' lang='grc' dir='ltr'>τῆς</span> <span class='ocrx_word' id='word_1_225' title='bbox 618 3239 715 3320; x_wconf 81' lang='grc' dir='ltr'><em>αὐτῆς</em></span> <span class='ocrx_word' id='word_1_226' title='bbox 744 3238 833 3319; x_wconf 83' lang='grc' dir='ltr'><em>ὥροις</em></span> <span class='ocrx_word' id='word_1_227' title='bbox 861 3236 1085 3317; x_wconf 82' lang='grc' dir='ltr'><em>εὑρισκομένης</em></span> <span class='ocrx_word' id='word_1_228' title='bbox 1100 3255 1105 3268; x_wconf 90' lang='grc'><em>·</em></span> <span class='ocrx_word' id='word_1_229' title='bbox 1121 3235 1200 3298; x_wconf 83' lang='grc' dir='ltr'><em>ἀλλὰ</em></span> <span class='ocrx_word' id='word_1_230' title='bbox 1219 3236 1253 3299; x_wconf 84' lang='grc' dir='ltr'>τὸ</span> 
     </span>
     <span class='ocr_line' id='line_1_28' title="bbox 125 3344 1252 3428; baseline -0.003 -19"><span class='ocrx_word' id='word_1_231' title='bbox 125 3349 164 3409; x_wconf 80' lang='grc' dir='ltr'>έν</span> <span class='ocrx_word' id='word_1_232' title='bbox 188 3346 306 3428; x_wconf 78' lang='grc' dir='ltr'><em>Ἴβηρσι</em></span> <span class='ocrx_word' id='word_1_233' title='bbox 333 3346 465 3428; x_wconf 78' lang='grc' dir='ltr'><em>πρώτης</em></span> <span class='ocrx_word' id='word_1_234' title='bbox 489 3346 578 3427; x_wconf 82' lang='grc' dir='ltr'><em>ὥρας</em></span> <span class='ocrx_word' id='word_1_235' title='bbox 608 3346 751 3408; x_wconf 73' lang='grc' dir='ltr'><em>ἐκλεῖπον</em></span> <span class='ocrx_word' id='word_1_236' title='bbox 780 3346 926 3426; x_wconf 82' lang='grc' dir='ltr'><em>πέμπτης</em></span> <span class='ocrx_word' id='word_1_237' title='bbox 957 3344 1130 3425; x_wconf 79' lang='grc' dir='ltr'><em>εὑρίσκεται</em></span> <span class='ocrx_word' id='word_1_238' title='bbox 1162 3344 1252 3425; x_wconf 84' lang='grc' dir='ltr'><em>ὥρας</em></span> 
     </span>
     <span class='ocr_line' id='line_1_29' title="bbox 123 3450 1252 3534; baseline -0.003 -18"><span class='ocrx_word' id='word_1_239' title='bbox 123 3452 218 3532; x_wconf 77' lang='grc' dir='ltr'><em>παρὰ</em></span> <span class='ocrx_word' id='word_1_240' title='bbox 246 3459 309 3522; x_wconf 88' lang='grc' dir='ltr'><em>τοῖς</em></span> <span class='ocrx_word' id='word_1_241' title='bbox 331 3451 473 3533; x_wconf 75' lang='grc' dir='ltr'><strong><em>Πέρσαις</em></strong></span> <span class='ocrx_word' id='word_1_242' title='bbox 500 3452 556 3534; x_wconf 81' lang='grc' dir='ltr'>τὴν</span> <span class='ocrx_word' id='word_1_243' title='bbox 584 3452 723 3533; x_wconf 78' lang='grc' dir='ltr'><em>έκλειηιιν</em></span> <span class='ocrx_word' id='word_1_244' title='bbox 753 3452 978 3533; x_wconf 81' lang='grc' dir='ltr'><em>πεποιημένον,</em></span> <span class='ocrx_word' id='word_1_245' title='bbox 1002 3450 1090 3532; x_wconf 82' lang='grc' dir='ltr'><em>παρὰ</em></span> <span class='ocrx_word' id='word_1_246' title='bbox 1124 3450 1158 3513; x_wconf 80' lang='grc' dir='ltr'>δέ</span> <span class='ocrx_word' id='word_1_247' title='bbox 1186 3457 1252 3520; x_wconf 84' lang='grc' dir='ltr'><em>τοῖς</em></span> 
     </span>
     <span class='ocr_line' id='line_1_30' title="bbox 124 3555 1250 3641; baseline -0.003 -19"><span class='ocrx_word' id='word_1_248' title='bbox 124 3560 434 3641; x_wconf 62' lang='lat' dir='ltr'>abbatematque!</span> <span class='ocrx_word' id='word_1_249' title='bbox 466 3556 619 3623; x_wconf 89' lang='lat' dir='ltr'>Manilius</span> <span class='ocrx_word' id='word_1_250' title='bbox 638 3557 740 3640; x_wconf 88' lang='lat' dir='ltr'>igitur</span> <span class='ocrx_word' id='word_1_251' title='bbox 753 3558 839 3639; x_wconf 88' lang='lat' dir='ltr'>apud</span> <span class='ocrx_word' id='word_1_252' title='bbox 855 3562 1029 3635; x_wconf 82' lang='lat' dir='ltr'>auctorem,</span> <span class='ocrx_word' id='word_1_253' title='bbox 1044 3555 1250 3621; x_wconf 88' lang='lat' dir='ltr'>Posidonium</span> 
     </span>
     <span class='ocr_line' id='line_1_31' title="bbox 124 3662 1251 3748; baseline -0.002 -18"><span class='ocrx_word' id='word_1_254' title='bbox 124 3666 293 3748; x_wconf 83' lang='lat' dir='ltr'>videlicet,</span> <span class='ocrx_word' id='word_1_255' title='bbox 314 3672 538 3748; x_wconf 89' lang='lat' dir='ltr'>argumentum</span> <span class='ocrx_word' id='word_1_256' title='bbox 563 3664 775 3730; x_wconf 88' lang='lat' dir='ltr'>rotunditatis</span> <span class='ocrx_word' id='word_1_257' title='bbox 794 3670 885 3729; x_wconf 88' lang='lat' dir='ltr'>recte</span> <span class='ocrx_word' id='word_1_258' title='bbox 910 3683 930 3728; x_wconf 89' lang='lat' dir='ltr'>a</span> <span class='ocrx_word' id='word_1_259' title='bbox 953 3664 1094 3728; x_wconf 90' lang='lat' dir='ltr'>siderum</span> <span class='ocrx_word' id='word_1_260' title='bbox 1120 3662 1251 3728; x_wconf 85' lang='lat' dir='ltr'>deiectu</span> 
     </span>
     <span class='ocr_line' id='line_1_32' title="bbox 124 3769 1251 3855; baseline -0.004 -17"><span class='ocrx_word' id='word_1_261' title='bbox 124 3772 321 3838; x_wconf 87' lang='lat' dir='ltr'>arcessitum</span> <span class='ocrx_word' id='word_1_262' title='bbox 358 3772 497 3855; x_wconf 77' lang='lat' dir='ltr'>invenit3</span> <span class='ocrx_word' id='word_1_263' title='bbox 538 3773 594 3837; x_wconf 87' lang='lat' dir='ltr'>sed</span> <span class='ocrx_word' id='word_1_264' title='bbox 631 3772 701 3837; x_wconf 88' lang='lat' dir='ltr'>sive</span> <span class='ocrx_word' id='word_1_265' title='bbox 740 3772 825 3851; x_wconf 90' lang='lat' dir='ltr'>quod</span> <span class='ocrx_word' id='word_1_266' title='bbox 862 3773 964 3837; x_wconf 88' lang='lat' dir='ltr'>verba</span> <span class='ocrx_word' id='word_1_267' title='bbox 1003 3769 1072 3834; x_wconf 87' lang='lat' dir='ltr'>eius</span> <span class='ocrx_word' id='word_1_268' title='bbox 1109 3789 1173 3834; x_wconf 91' lang='lat' dir='ltr'>non</span> <span class='ocrx_word' id='word_1_269' title='bbox 1206 3769 1251 3834; x_wconf 94' lang='lat' dir='ltr'>in·</span> 
     </span>
    </p>
   </div>
   <div class='ocr_carea' id='block_1_5' title="bbox 120 3963 1250 4459">
    <p class='ocr_par' dir='ltr' id='par_1_6' title="bbox 120 3963 1250 4459">
     <span class='ocr_line' id='line_1_33' title="bbox 221 3963 1250 4034; baseline -0.005 -14"><span class='ocrx_word' id='word_1_270' title='bbox 221 3967 288 4020; x_wconf 77' lang='lat' dir='ltr'>¹Gf.</span> <span class='ocrx_word' id='word_1_271' title='bbox 316 3967 472 4020; x_wconf 78' lang='lat' dir='ltr'>cleomedes</span> <span class='ocrx_word' id='word_1_272' title='bbox 498 3983 523 4034; x_wconf 85' lang='lat' dir='ltr'>p.</span> <span class='ocrx_word' id='word_1_273' title='bbox 552 3968 586 4018; x_wconf 81' lang='lat'>86</span> <span class='ocrx_word' id='word_1_274' title='bbox 614 3966 656 4019; x_wconf 81' lang='grc' dir='ltr'>Ζ.;</span> <span class='ocrx_word' id='word_1_275' title='bbox 685 3966 746 4030; x_wconf 83' lang='grc' dir='ltr'>,Κοί</span> <span class='ocrx_word' id='word_1_276' title='bbox 777 3965 831 4034; x_wconf 84' lang='grc' dir='ltr'>μὴν</span> <span class='ocrx_word' id='word_1_277' title='bbox 863 3965 972 4017; x_wconf 87' lang='grc' dir='ltr'><em>κάκεῖνο</em></span> <span class='ocrx_word' id='word_1_278' title='bbox 999 3963 1192 4026; x_wconf 75' lang='grc' dir='ltr'><em>πιθανώτατον,</em></span> <span class='ocrx_word' id='word_1_279' title='bbox 1221 3963 1250 4016; x_wconf 86' lang='grc' dir='ltr'>τὸ</span> 
     </span>
     <span class='ocr_line' id='line_1_34' title="bbox 123 4052 1250 4122; baseline -0.005 -13"><span class='ocrx_word' id='word_1_280' title='bbox 123 4055 286 4110; x_wconf 80' lang='grc' dir='ltr'><em>τελεώτατον</em></span> <span class='ocrx_word' id='word_1_281' title='bbox 311 4063 364 4108; x_wconf 87' lang='grc' dir='ltr'>τῶν</span> <span class='ocrx_word' id='word_1_282' title='bbox 390 4055 522 4122; x_wconf 85' lang='grc' dir='ltr'><em>σωμάτων</em></span> <span class='ocrx_word' id='word_1_283' title='bbox 541 4063 578 4122; x_wconf 82' lang='grc' dir='ltr'>τῷ</span> <span class='ocrx_word' id='word_1_284' title='bbox 598 4055 747 4121; x_wconf 71' lang='grc' dir='ltr'><em>τελεωτάτη)</em></span> <span class='ocrx_word' id='word_1_285' title='bbox 767 4062 820 4107; x_wconf 87' lang='grc' dir='ltr'>τῶν</span> <span class='ocrx_word' id='word_1_286' title='bbox 839 4054 982 4122; x_wconf 85' lang='grc' dir='ltr'><em>σχημάτων</em></span> <span class='ocrx_word' id='word_1_287' title='bbox 1001 4053 1159 4120; x_wconf 77' lang='grc' dir='ltr'><em>κεχρῆσθαι.</em></span> <span class='ocrx_word' id='word_1_288' title='bbox 1198 4052 1250 4104; x_wconf 82' lang='grc' dir='ltr'>Καὶ</span> 
     </span>
     <span class='ocr_line' id='line_1_35' title="bbox 122 4140 1250 4213; baseline -0.006 -14"><span class='ocrx_word' id='word_1_289' title='bbox 122 4149 180 4200; x_wconf 76' lang='grc' dir='ltr'><em>ἔστι</em></span> <span class='ocrx_word' id='word_1_290' title='bbox 205 4145 311 4197; x_wconf 87' lang='grc' dir='ltr'><em>πάντων</em></span> <span class='ocrx_word' id='word_1_291' title='bbox 335 4144 383 4213; x_wconf 84' lang='grc' dir='ltr'>μὲν</span> <span class='ocrx_word' id='word_1_292' title='bbox 408 4145 540 4212; x_wconf 88' lang='grc' dir='ltr'><em>σωμάτων</em></span> <span class='ocrx_word' id='word_1_293' title='bbox 565 4144 722 4196; x_wconf 85' lang='grc' dir='ltr'><em>τελεώτατον</em></span> <span class='ocrx_word' id='word_1_294' title='bbox 747 4145 763 4195; x_wconf 87' lang='grc' dir='ltr'>ὁ</span> <span class='ocrx_word' id='word_1_295' title='bbox 786 4145 895 4210; x_wconf 80' lang='grc' dir='ltr'><em>κόσμος,</em></span> <span class='ocrx_word' id='word_1_296' title='bbox 920 4140 1027 4194; x_wconf 86' lang='grc' dir='ltr'><em>πάντων</em></span> <span class='ocrx_word' id='word_1_297' title='bbox 1052 4140 1082 4193; x_wconf 84' lang='grc' dir='ltr'>δὲ</span> <span class='ocrx_word' id='word_1_298' title='bbox 1107 4140 1250 4208; x_wconf 83' lang='grc' dir='ltr'><em>σχημάτων</em></span> 
     </span>
     <span class='ocr_line' id='line_1_36' title="bbox 120 4238 274 4305; baseline -0.006 -17"><span class='ocrx_word' id='word_1_299' title='bbox 120 4238 141 4305; x_wconf 82' lang='grc' dir='ltr'>ἡ</span> <span class='ocrx_word' id='word_1_300' title='bbox 162 4243 274 4302; x_wconf 82' lang='grc' dir='ltr'><em>σφαῖρα.</em></span> 
     </span>
     <span class='ocr_line' id='line_1_37' title="bbox 218 4322 719 4390; baseline -0.004 -15"><span class='ocrx_word' id='word_1_301' title='bbox 218 4322 229 4353; x_wconf 75' lang='lat'>⁹</span> <span class='ocrx_word' id='word_1_302' title='bbox 247 4322 287 4376; x_wconf 85' lang='lat' dir='ltr'>De</span> <span class='ocrx_word' id='word_1_303' title='bbox 306 4323 413 4390; x_wconf 82' lang='lat' dir='ltr'>Canopo</span> <span class='ocrx_word' id='word_1_304' title='bbox 432 4322 512 4376; x_wconf 89' lang='lat' dir='ltr'>stella</span> <span class='ocrx_word' id='word_1_305' title='bbox 531 4322 564 4376; x_wconf 83' lang='lat' dir='ltr'>of.</span> <span class='ocrx_word' id='word_1_306' title='bbox 583 4340 608 4390; x_wconf 88' lang='lat' dir='ltr'>p.</span> <span class='ocrx_word' id='word_1_307' title='bbox 629 4324 662 4374; x_wconf 87' lang='lat'>10</span> <span class='ocrx_word' id='word_1_308' title='bbox 681 4338 719 4387; x_wconf 92' lang='lat' dir='ltr'>sq.</span> 
     </span>
     <span class='ocr_line' id='line_1_38' title="bbox 1125 4410 1142 4459; baseline 0 0"><span class='ocrx_word' id='word_1_309' title='bbox 1125 4410 1142 4459; x_wconf 77' lang='lat'><strong>2</strong></span> 
     </span>
    </p>
   </div>
   <div class='ocr_carea' id='block_1_6' title="bbox 0 0 1384 4852">
    <p class='ocr_par' dir='ltr' id='par_1_7' title="bbox 0 0 1384 4852">
     <span class='ocr_line' id='line_1_39' title="bbox 0 0 1384 4852; baseline 0 1"><span class='ocrx_word' id='word_1_310' title='bbox 0 0 1384 4852; x_wconf 95' lang='lat' dir='ltr'> </span> 
     </span>
    </p>
   </div>
  </div>
 </body>
</html>
