2760 4852
1175 347 1222 414 53

102 551 280 616 rettulerit.
339 551 404 616 Sed
438 572 563 633 vereor,
602 556 638 618 ut
672 552 797 618 felicior
831 552 931 618 fuerit
963 572 1057 632 qnam
1091 553 1223 617 Aratus

104 657 205 723 Orion
241 679 261 723 a
296 659 403 723 Tauro
441 663 476 723 et
511 658 685 740 praecipue
725 679 745 724 a
779 658 985 724 lucidissimis
1019 657 1087 723 eius
1120 658 1225 724 stellis

103 764 255 846 proprius
280 767 374 830 abest
398 785 492 845 quam
518 786 537 830 a
560 766 714 831 Geminis.

193 872 284 937 Idem
308 892 458 953 magnum
483 872 566 937 caeli
598 873 738 954 spatium
766 872 894 938 obtinet
918 870 976 954 (M.
1003 873 1224 936 aeezsohol.

103 978 199 1042 Arat.
230 999 261 1044 v.
296 977 384 1062 325).
440 979 477 1043 ln
511 979 652 1044 humeris
685 979 753 1044 eius
786 979 932 1061 singulae
966 979 1083 1044 stellae
1115 979 1225 1044 clarae

104 1090 181 1149 sunt
211 1085 270 1168 (M.
302 1090 545 1150 3bd=catast
584 1107 615 1168 p.
651 1094 711 1153 166
740 1088 814 1151 Al.
842 1085 908 1170 10),
943 1086 976 1151 in
1005 1086 1132 1169 cingulo
1157 1091 1226 1151 tres

104 1191 163 1275 (bl.
190 1197 431 1257 391=catast
457 1194 479 1256 l.
502 1192 567 1277 12),
592 1193 624 1258 iu
649 1193 758 1275 capite
782 1198 850 1259 tres
875 1194 1058 1259 hebetiores
1082 1193 1140 1277 (M.
1163 1199 1225 1259 302

103 1303 332 1378 sq.=catast.
356 1301 377 1364 1.
402 1300 447 1385 8).

193 1405 297 1471 Sirius
342 1407 398 1471 uhi
442 1407 579 1488 prinnnn
624 1411 769 1488 tempore
818 1406 978 1472 matutino
1029 1406 1226 1488 conspicitur

103 1512 162 1596 (ll.
192 1513 425 1579 401:Germ.
460 1512 549 1599 340),
584 1513 760 1596 diligenter
792 1516 986 1581 observatur
1019 1514 1076 1598 (ll.
1109 1520 1225 1579 402:

103 1619 212 1685 Germ.
239 1618 349 1705 340)1.

193 1727 282 1807 Argo
314 1727 420 1808 prima
443 1726 537 1793 navis
567 1747 657 1792 mare
692 1727 854 1808 percurrit
887 1726 944 1811 (hl.
979 1732 1226 1793 413=catast

102 1854 135 1915 p.
171 1839 233 1898 174
266 1834 344 1915 epit.
378 1835 398 1898 l.
428 1835 462 1918 2)
494 1839 527 1899 61
558 1834 645 1899 iuter
673 1834 750 1899 deos
778 1839 914 1916 recepta
942 1840 992 1901 est
1026 1833 1084 1917 (M.
1109 1840 1226 1898 415:

105 1940 175 2022 epit
197 1942 218 2005 l.
247 1942 310 2023 15).
1270 2012 1273 2018 ,

63 2030 67 2037 ’
193 2048 315 2114 Corvus
347 2048 467 2113 Phoebi
500 2067 594 2114 sacer
621 2057 673 2114 est
702 2047 760 2133 (M.
785 2055 1030 2116 417=catast
1059 2056 1120 2114 188
1146 2049 1224 2131 6611.

103 2156 125 2220 l.
152 2157 291 2240 36166).
1356 2139 1361 2146 ’

193 2263 309 2327 Crater
332 2263 507 2328 secuudum
530 2262 657 2327 Manilii
681 2283 711 2329 v.
736 2268 799 2327 417
826 2269 859 2328 61
887 2264 1016 2331 Phoebo
1048 2269 1081 2328 et
1108 2264 1226 2328 Iaccho

106 2376 219 2452 gratus
248 2375 309 2434 est.
363 2370 527 2452 Quomodo
561 2371 602 2435 ad
635 2371 799 2435 Phoebum
831 2371 1008 2452 pertineat,
1042 2370 1227 2436 catasteris·

105 2496 226 2541 morum
251 2484 407 2558 excerpta
430 2496 488 2542 nos
512 2478 630 2542 docent
654 2475 699 2560 (p.
728 2482 789 2540 188
818 2478 891 2561 sq.),
925 2479 964 2542 de
995 2479 1123 2542 Baccho
1147 2476 1228 2541 nihil

105 2583 151 2648 ibi
187 2584 334 2666 legimus.
393 2585 438 2649 Ut
474 2592 563 2650 16616
600 2583 840 2665 intellegamus,
877 2584 919 2648 ad
954 2603 1049 2664 quam
1084 2583 1226 2649 fabulam

104 2690 258 2755 Manilius
282 2690 448 2772 respiciat,
473 2690 610 2755 adiuvat
632 2710 692 2755 nos
710 2690 861 2776 Hyginus
881 2691 975 2776 (astr.
1000 2693 1042 2773 ll,
1068 2697 1125 2774 403
1145 2691 1226 2755 llob.

104 2818 135 2879 p.
164 2804 217 2862 101
248 2799 285 2861 Β.
317 2799 337 2861 l.
371 2795 419 2879 5):
450 2797 613 2878 ,Nonnulli
642 2817 713 2862 cum
744 2797 964 2864 Eratosthene
995 2819 1065 2864 eum
1097 2806 1227 2864 cratera

105 2924 176 2969 esse
201 2905 321 2985 dicunt,
347 2924 408 2984 qno
431 2905 543 2970 Icarus
564 2905 607 2970 sit
631 2925 716 2987 usus
742 2926 813 2972 cum
833 2907 1014 2972 hominibus
1039 2908 1226 2972 ostenderet

104 3011 235 3077 vinurn‘
289 3012 526 3077 Eratosthenes
559 3014 619 3078 hoo
651 3013 721 3078 loco
754 3033 816 3078 non
850 3019 901 3078 est
933 3020 1126 3095 personatus
1161 3012 1226 3093 ille,

106 3119 159 3197 qui
206 3121 449 3182 catasterismos
496 3119 713 3201 composuisse
761 3119 880 3184 dicitur
926 3126 960 3184 et
1006 3139 1099 3199 quem
1142 3118 1227 3200 apud

106 3225 269 3306 Hyginum
304 3225 434 3306 saepius
465 3226 634 3291 laudatum
666 3227 847 3292 invenimus
880 3225 976 3312 (ltob.
1010 3247 1041 3307 6.
1078 3233 1096 3290 2
1130 3226 1226 3312 squ).

105 3333 205 3395 humo
237 3332 490 3397 Eratosthenem
518 3332 620 3413 ipsum
654 3334 687 3398 in
717 3353 753 3397 66
785 3333 937 3416 carmine,
968 3333 1052 3412 qnod
1082 3333 1227 3414 Erigone

107 3438 303 3519 inscribitur,
328 3441 387 3504 has
411 3459 464 3504 res
495 3440 670 3505 tradidisse
698 3439 862 3505 hlaassins
890 3439 1034 3516 ostendit
1063 3440 1227 3525 (Analect.

107 3546 290 3627 Eratosth3
328 3547 370 3610 ad
406 3546 530 3629 Hygini
566 3547 669 3612 locum
707 3547 852 3628 pertinet
889 3569 920 3629 p.
960 3550 1026 3633 01).
1081 3548 1228 3613 Fabulae

107 3652 380 3718 Eratosthenicae
405 3653 546 3736 vestigia
565 3652 597 3718 in
617 3653 751 3718 Arateis
771 3653 902 3720 scholiis
926 3661 960 3720 et
983 3655 1017 3719 iu
1042 3655 1229 3720 catasteris-

200 3955 206 3983 ¹
226 3955 351 4008 Manilius
369 3954 476 4008 uberior
495 3962 537 4008 est
555 3972 633 4022 (pram
654 3954 838 4008 Gerrnauicus:
858 3965 952 4009 narrat
971 3957 1003 4008 de
1022 3972 1124 4010 summo
1138 3962 1229 4009 monte
1313 4026 1317 4030 ⁵

108 4044 198 4095 Turno
222 4043 375 4096 tburioulam
396 4044 539 4098 observari.
577 4044 649 4097 Fieri
671 4051 786 4111 poterat,
811 4051 842 4098 ut
866 4044 895 4098 in
927 4051 1043 4098 mentem
1072 4045 1097 4098 ei
1125 4045 1231 4099 veniret

107 4133 160 4186 lori
179 4133 358 4186 l'osidoniani.
397 4133 449 4187 Cic.
479 4135 512 4186 de
538 4134 591 4187 div.
613 4134 636 4199 I,
662 4136 724 4187 130:
750 4133 868 4198 ,Etenim
888 4135 955 4186 deos
973 4134 1123 4201 accepimus
1142 4140 1230 4187 ortum

110 4222 252 4274 thniudae
284 4222 430 4290 diligenter
454 4222 596 4288 quotannis
624 4223 710 4275 solere
737 4238 845 4274 servare
873 4220 1106 4288 coniecturamque
1126 4237 1230 4290 capere,

110 4318 139 4361 ut
159 4311 250 4362 stuihit
265 4310 394 4364 Ponticus
413 4311 579 4375 Heraclides,
594 4309 743 4363 salubrisne
757 4326 791 4362 an
805 4311 934 4377 pestilens
948 4327 1033 4363 annus
1051 4312 1159 4365 futurus
1177 4312 1230 4365 sit‘
