2760 4852
261 544 351 609 Siout
374 549 473 625 poeta
496 564 527 609 v.
550 549 593 607 41
616 563 663 622 sq.
689 543 801 608 Cicero
827 544 866 607 de
892 542 956 608 div.
981 544 1042 623 La
1068 548 1101 607 et
1125 549 1178 624 93,
1204 548 1295 608 certe

170 649 344 714 Posidonio
364 644 526 730 auctore1,
543 650 582 713 (16
598 649 743 731 Assyriis
760 648 827 733 (vel
843 647 1048 734 Babyloniis)
1065 652 1099 712 et
1117 648 1294 730 Aegyptiis

170 755 322 837 loquitur,
370 755 424 835 qui
460 754 556 836 primi
598 755 751 820 diuturna
793 754 874 819 oaeli
916 753 1145 820 observatione
1188 759 1294 819 artem

171 861 369 944 astrologiae
393 861 587 926 effecissent.

258 970 380 1035 Versus
404 975 446 1034 50
470 971 572 1034 verba
670 1045 671 1048 Ἴ

473 1075 583 1158 ,Inque
608 1077 701 1141 deum
726 1075 805 1141 deus
830 1075 899 1157 ipse
924 1075 1009 1140 tulit‘

169 1183 252 1248 falso
282 1183 440 1266 intellegi,
471 1183 533 1248 nisi
568 1183 746 1249 Stoicorum
782 1182 889 1265 opinio
926 1182 967 1247 de
1000 1182 1175 1248 divinitate
1209 1184 1294 1248 66611

172 1290 374 1372 supponitur,
399 1289 559 1373 Scaligeri
584 1289 753 1355 annotatio
782 1291 887 1355 docet.
935 1289 996 1372 Qui
1024 1291 1098 1354 Not.
1122 1289 1155 1354 in
1178 1289 1292 1355 Manil.

170 1402 249 1462 astr.
273 1418 304 1478 p.
332 1403 372 1463 26
398 1397 493 1462 dicit:
519 1397 617 1478 ,Deus
641 1397 711 1479 ipse
735 1397 829 1462 deum
849 1397 954 1478 ipsum
978 1395 1012 1461 in
1035 1397 1123 1478 ipsos
1147 1396 1290 1462 immisit.

173 1503 254 1575 Θεὸς
281 1506 422 1578 {adscita
452 1506 574 1575 αὐτούς.
629 1504 721 1570 Siout
749 1505 836 1586 apud
864 1505 1031 1569 Maronem
1060 1504 1168 1586 ,plena
1197 1505 1290 1569 deo‘.‘

169 1612 272 1677 Putat
307 1611 409 1694 igitur
445 1631 476 1678 1.
508 1612 538 1676 d.
577 1615 709 1693 poetam
746 1614 880 1677 verbum
923 1610 1035 1676 intulit
1074 1631 1133 1692 per
1170 1612 1291 1676 tmesin

169 1717 373 1784 disiunxisse.
421 1717 513 1800 Quod
537 1737 630 1784 secus
655 1723 714 1783 est.
762 1718 870 1800 ,Deus‘
891 1717 985 1800 enim,
1011 1716 1065 1797 qui
1084 1717 1214 1799 saepius
1238 1719 1292 1784 1116

168 1824 362 1907 nominatur,
403 1845 496 1889 nemo
538 1831 589 1890 est
631 1824 693 1890 nisi
731 1825 888 1907 ,caelum‘,
931 1830 965 1888 et
1000 1844 1114 1890 versus
1150 1824 1206 1889 ille
1243 1824 1292 1890 616

167 1932 406 2014 intellegendus
431 1936 495 1997 est:
522 1933 646 1997 eaelum
678 1936 818 1996 mentem
842 1932 1046 1997 sacerdotum
1070 1932 1103 1997 in
1127 1951 1161 1997 se
1185 1931 1291 2014 ipsum

168 2038 271 2103 trahit
295 2043 327 2103 61
352 2037 392 2104 116
416 2043 519 2119 patet.

258 2145 336 2211 Cum
382 2145 499 2228 ingens
544 2145 705 2210 hominum
753 2165 904 2211 numerus
950 2145 1004 2228 sit,
1055 2166 1188 2212 11666666
1240 2153 1293 2213 661

168 2252 420 2317 innumerabiles
435 2252 576 2318 latorum
601 2252 812 2318 diversitates
836 2251 976 2317 minimis
1000 2253 1170 2318 momentis
1194 2253 1293 2336 signi-

165 2359 268 2425 fioari.
315 2359 354 2424 V.
380 2365 420 2423 57
447 2358 657 2442 (Sacerdotes
681 2359 884 2446 signarunt):

240 2466 444 2548 ,Quantaque
469 2486 564 2545 quam
587 2467 682 2547 parvi
705 2466 853 2531 facerent
877 2465 1064 2531 discrimina
1087 2470 1213 2533 11161116.ι

166 2573 270 2641 611.
296 2579 358 2638 557
384 2592 453 2653 sqq.
478 2573 556 2638 Cum
579 2572 631 2638 his
655 2573 852 2639 conferenda
882 2579 966 2655 suut,
999 2593 1082 2652 quae
1111 2573 1222 2639 Cicero
1248 2575 1289 2640 de

168 2681 231 2747 div.
256 2682 283 2761 I,
307 2686 368 2745 118
393 2679 487 2745 dicit:
514 2680 635 2762 ,parvis
660 2681 744 2746 enim
768 2679 938 2745 momentis
962 2682 1064 2744 multa
1087 2686 1206 2746 natura
1230 2687 1290 2747 aut

166 2787 303 2869 adfingit
328 2792 386 2851 aut
410 2787 576 2852 detrahit‘

253 2894 382 2975 Restat,
407 2897 442 2958 ut
462 2893 567 2958 dioam
592 2898 695 2958 totum
718 2894 802 2957 huno
821 2893 948 2958 Manilii
971 2893 1075 2959 locum
1095 2894 1165 2959 61116
1189 2895 1287 2962 dubio

164 3020 205 3065 ex
237 2998 278 3065 iis
309 2997 476 3064 Posidonii
508 2999 601 3063 libris
632 2999 774 3080 duxisse,
808 2999 862 3078 qui
894 3005 969 3064 sunt
1000 3002 1082 3083 ,περὶ
1110 3004 1287 3085 μαντικῆςι,

164 3108 249 3189 quod
273 3127 352 3189 opus
376 3107 525 3173 Sohiohio
555 3112 688 3172 auctore
717 3107 829 3172 Cicero
861 3107 1019 3189 adhibuit,
1049 3128 1120 3173 oum
1148 3109 1189 3174 de
1218 3109 1284 3175 div.

162 3215 184 3278 l.
208 3215 225 3278 I
248 3210 435 3279 seriberetl.

254 3319 318 3385 Sed
350 3318 585 3400 neglegendum
618 3340 682 3385 non
715 3324 765 3385 est
797 3341 861 3386 una
897 3320 931 3386 in
965 3342 1001 3386 16
1038 3321 1205 3387 Manilium
1245 3323 1286 3389 de

164 3426 343 3508 astrologia
358 3444 488 3506 prorsus
505 3425 602 3490 aliter
619 3427 759 3492 sensisse
773 3448 811 3493 66
825 3428 1043 3493 Posidonium.
1067 3428 1287 3511 Philosophus

163 3534 330 3598 stellarum
363 3536 468 3597 motus
500 3552 561 3597 non
595 3533 684 3614 ipsas
716 3555 821 3600 rerum
856 3555 982 3617 6611666,
1020 3535 1078 3601 sed
1113 3555 1284 3603 causarum

163 3639 258 3721 signa
280 3632 365 3703 ¹esse
397 3639 538 3704 volebat.
595 3639 659 3705 Cio.
695 3642 734 3705 de
772 3641 837 3707 div.
870 3643 896 3724 I,
933 3649 1008 3706 127:
1043 3641 1175 3728 (Vates)
1210 3645 1284 3725 ,etsi

164 3765 279 3811 causas
303 3745 392 3826 ipsas
416 3764 480 3809 non
504 3753 648 3828 6611111111,
674 3747 768 3830 signa
792 3753 902 3813 tamen
933 3768 1101 3814 causarum
1130 3753 1164 3812 61
1188 3755 1286 3817 notas

164 3859 315 3933 oernunt;
362 3851 404 3916 ad
451 3871 531 3931 quas
573 3853 721 3918 adhibita
762 3855 916 3920 memoria
959 3861 992 3920 et
1034 3855 1207 3938 diligentia
1250 3865 1287 3924 et

163 3957 376 4024 monumentis
393 3958 590 4039 superiorum
606 3960 741 4026 efficitur
757 3981 796 4025 ea
816 3960 984 4044 divinatio,
1005 3981 1088 4041 quae
1103 3963 1285 4030 artificiosa

253 4204 393 4258 ¹Sohiol1e
411 4222 436 4272 p.
457 4208 491 4257 24
511 4212 539 4259 et
559 4208 591 4259 13
610 4223 667 4274 sqq.

253 4295 297 4347 ²1.
316 4296 334 4348 l.
353 4309 378 4360 p.
397 4297 439 4346 25.
