2760 4852
192 364 241 432 20

190 570 353 636 invenisse
384 570 445 635 sibi
465 570 610 664 uidetur,
636 571 719 650 quud
743 569 896 635 Manilius
926 571 947 634 l.
971 570 992 633 l.
1018 568 1106 634 dien.
1153 569 1314 651 Legimus

190 678 276 759 apud
301 677 459 742 Achillem
484 679 575 758 haee,
601 698 631 758 p.
659 682 718 741 147
744 678 799 742 Ε.;
824 678 947 759 ,λέγεται
968 678 1001 741 δὲ
1020 677 1226 759 ἀνταρκτικὸς
1246 677 1314 740 ἀπὸ

189 791 243 847 τοῦ
276 785 414 854 ἐναντίος
447 785 572 847 κεῖσθαι
603 793 650 865 τῷ
681 786 823 867 equanam
847 835 853 847 .
881 833 887 848 .
913 834 919 846 .
945 794 962 846 .‘
985 803 1017 865 p.
1044 788 1106 848 148
1129 784 1185 848 A.:
1208 788 1240 866 ,ἢ
1267 785 1313 847 ὅτι

188 890 256 961 ἶσός
273 893 335 954 ἔστι
352 900 398 971 τῷ
412 893 552 973 ἀρκτικῴ
570 898 624 974 τῆς
644 891 728 961 ,ἀντὶι
745 892 933 973 προθέσεως
951 890 987 954 τὸ
1006 890 1074 954 ἴσον
1092 892 1314 974 σημαινούσης

189 997 235 1066 ὡς
258 998 291 1060 ἒν
313 1006 359 1078 τῷ
379 998 533 1078 ,ἀντίθεον
552 998 763 1079 θεράπονταιέ
797 996 860 1062 Sed
883 996 1031 1061 videmus
1055 997 1095 1062 de
1118 997 1226 1062 stellis
1251 998 1314 1062 hoe

187 1104 258 1168 lecu
288 1107 414 1169 omnino
445 1102 525 1168 nihil
557 1103 677 1169 dietum
710 1123 791 1168 esse.
845 1104 1037 1184 Exemplum
1071 1107 1180 1168 autem
1212 1105 1315 1170 donet

187 1210 300 1291 graeei
333 1210 475 1276 auctoris
507 1211 608 1275 verba
640 1210 723 1275 falso
754 1208 904 1292 intellegi
933 1229 1039 1291 pesse.
1092 1210 1189 1291 Apud
1220 1211 1314 1275 Pusi-

188 1315 316 1381 denium
346 1314 501 1382 videlicet
530 1315 684 1381 Manilius
712 1335 751 1381 ea
779 1317 889 1398 legere
917 1321 1059 1397 poterat.
1107 1316 1154 1382 Of.
1179 1315 1312 1382 Gemin.

187 1439 258 1502 cap.
283 1425 304 1484 4
328 1419 372 1504 (p.
401 1427 439 1487 15
464 1420 519 1506 Α.)

375 1623 405 1681 8.
452 1616 546 1700 Περὶ
568 1623 644 1681 τῶν
668 1618 706 1681 ἒν
728 1624 770 1700 τῇ
794 1620 937 1701 σφαίρᾳ
961 1619 1122 1682 κύκλων.

345 1724 445 1809 (Man.
470 1725 496 1805 Ι,
521 1729 707 1806 ael-804,
732 1723 848 1789 Achill.
874 1744 967 1806 capp.
992 1725 1149 1811 22--27.)

273 1847 323 1912 De
350 1849 587 1915 astnnnmnieon
611 1850 674 1916 hae
697 1855 793 1932 parte
817 1869 916 1930 snpra
941 1849 1009 1915 dixi
1032 1870 1063 1931 p.
1090 1855 1108 1914 5
1133 1869 1202 1930 sqq.

273 1954 418 2021 AelniMes
442 1956 482 2020 de
506 1956 556 2021 lnis
580 1956 709 2022 circulis
733 1963 767 2022 et
791 1956 857 2021 alia
881 1963 915 2022 et
943 1957 1058 2022 eadem
1083 1956 1151 2022 fere
1176 1959 1316 2025 Posida-

184 2062 283 2127 niana
306 2063 442 2145 prefert,
463 2083 546 2144 quae
571 2065 658 2146 apud
676 2064 844 2130 Manilium
869 2070 903 2130 et
922 2065 1091 2130 Geminum
1114 2064 1314 2133 invenimus.

274 2170 509 2235 Parallelorum
553 2170 713 2253 definitio,
756 2191 840 2251 quae
886 2176 998 2236 exstat
1043 2173 1130 2254 apud
1176 2180 1314 2254 poetam

184 2295 237 2342 vv.
264 2283 324 2342 601
351 2297 410 2357 sq,
444 2297 464 2342 a
496 2278 670 2343 Posidonio
704 2279 803 2345 dueta
836 2284 896 2360 est,
932 2280 1016 2358 quod
1049 2279 1123 2344 olim
1157 2280 1316 2365 Scaliger

185 2382 388 2450 annotavit¹.

273 2490 418 2556 Achilles
443 2510 514 2572 eap.
540 2498 580 2557 25
605 2492 659 2556 fin.
685 2491 819 2556 eandem
845 2496 1074 2558 commemorat
1097 2498 1197 2574 atque
1221 2496 1315 2562 affin·-

184 2602 253 2661 nnat
277 2617 296 2662 a
320 2597 416 2662 lineis
440 2598 574 2664 directis
599 2618 670 2663 eam
695 2599 737 2664 ad
761 2598 899 2664 circulos
922 2601 1119 2665 translatam
1142 2621 1225 2668 esse.

367 2705 525 2770 Manil.:
952 2707 1121 2772 Achill:

185 2810 368 2876 Intervalla
419 2812 492 2893 pani
547 2818 717 2878 servantes
816 2812 1022 2897 Παράλληλοι
1034 2815 1069 2879 δὲ
1080 2816 1269 2900 ἐκλήθησαν
1282 2821 1315 2884 οἱ

229 2916 331 2981 limite
355 2936 483 2999 semper
773 2920 795 2982 ε’
823 2921 935 2984 κύκλοι
958 2921 1023 2984 ἀπὸ
1046 2928 1111 2985 τῶν
1132 2924 1219 3004 παρὰ
1245 2934 1315 2997 τοῖς

185 3023 383 3104 Divisosque
413 3027 514 3090 semel
545 3025 626 3090 fines
655 3045 719 3090 sun·
773 3028 966 3109 γεωμέτραις
979 3029 1190 3112 παραλλήλων
1202 3055 1312 3116 γραμ-

230 3135 358 3210 temque
383 3131 535 3196 dicatam.
692 3213 694 3216 Α
772 3139 846 3214 μῶν
871 3184 877 3196 .
903 3184 908 3196 .
935 3183 972 3196 ..
1007 3136 1114 3217 φαμὲν
1156 3136 1225 3210 οὖν,
1266 3141 1316 3203 ὅτι

770 3241 970 3323 παράλληλοί
1009 3243 1083 3305 εἰσιν
1124 3245 1155 3306 οἱ
1194 3245 1314 3311 κύκλοι

769 3348 885 3429 μεταξὺ
914 3349 1059 3431 ἀλλήλων
1089 3351 1153 3413 ἀπὸ
1176 3377 1312 3436 περιφε-

771 3456 857 3536 ρείας
881 3455 931 3516 ἐπὶ
954 3458 1158 3537 περιφέρειαν
1182 3459 1218 3521 τὸ
1237 3459 1314 3525 ἴσον

770 3560 830 3642 μὲν
852 3562 967 3631 πλάτος
990 3564 1122 3644 ἔχοντες.

274 3663 314 3728 V.
331 3669 393 3726 665
413 3668 513 3744 poeta
532 3683 642 3730 vocem
665 3668 802 3748 ,eqilwn‘
818 3667 931 3732 eodem
948 3669 1039 3733 modo
1057 3668 1313 3758 interpretatur,

187 3788 248 3847 qun
272 3769 417 3834 Achilles
441 3790 511 3850 eap.
538 3779 578 3836 22
603 3772 646 3835 in.

374 3876 528 3941 Manil.:
956 3882 1118 3949 neuile:

186 3981 295 4058 Atque
315 4001 335 4045 a
354 3982 416 4047 line
436 3984 571 4049 trahens
591 3984 718 4051 titulum
820 3988 948 4070 Λέγεται
991 3991 1025 4052 δὲ
1058 3992 1186 4074 ὁρίζων,
1230 3995 1314 4062 διότι

231 4096 428 4154 niennratur
451 4091 593 4156 horizon.
774 4094 868 4175 ὁρίζει
896 4095 931 4157 τὸ
961 4096 1024 4159 ὑπὸ
1056 4104 1114 4180 γῆν
1144 4100 1198 4161 καὶ
1226 4101 1315 4187 ὑπὲρ

774 4208 831 4282 γῆν
857 4203 1070 4283 ἡμισφαίριον.
