2760 4852
1205 387 1252 458 19

222 588 367 654 Achilles
406 609 499 671 capp.
536 596 664 656 10-14
702 592 870 657 stellarum
908 598 1068 675 naturam,
1105 593 1253 676 figuram,

126 695 253 760 similia
286 696 428 778 exponit,
461 696 647 763 inerrantes
684 718 746 763 non
787 705 965 764 enumerat.
1020 701 1070 765 De
1108 720 1171 766 axe
1204 702 1254 767 bis

126 800 290 880 loquitur:
320 821 390 883 cap.
415 809 454 868 21
480 802 534 867 fin.
558 808 592 868 et
616 822 686 884 cap.
714 810 765 869 28.
811 804 958 884 Uterque
988 806 1078 871 locus
1109 806 1255 872 continet

126 907 253 973 similia
277 907 334 989 eis
360 927 443 988 quae
467 909 621 974 Geminus
645 929 716 992 cap.
742 917 760 976 3
787 910 877 976 dicit.
925 912 1032 992 Atque
1056 915 1254 978 verbotenus

126 1013 202 1079 fere
226 1020 407 1097 congruunt
430 1017 526 1081 baec:

199 1120 375 1186 Achilles
398 1142 429 1204 p.
457 1127 519 1188 143
543 1122 597 1186 A.:
816 1124 961 1190 Gemin.
985 1146 1015 1207 p.
1045 1131 1083 1190 13
1109 1127 1164 1190 M:

177 1229 353 1311 Σχήματος
370 1231 474 1293 τοίνυν
495 1237 665 1312 σφαιρικοῦ
767 1231 828 1294 Τοῦ
840 1232 873 1295 δὲ
888 1233 1014 1315 κόσμου
1033 1235 1256 1316 σφαιροειδοῦς

125 1337 205 1418 περὶ
227 1336 282 1399 τὸν
304 1337 428 1419 κόσμον
451 1339 568 1407 ἄντος.
595 1388 601 1401 .
627 1387 633 1402 .
659 1388 665 1400 .
719 1338 916 1420 ὑπάρχοντος

125 1443 225 1507 ὁᾶττδ
236 1451 289 1526 τῆς
298 1446 497 1527 περιφερείας
507 1452 561 1528 τῆς
571 1447 663 1527 οφαί-
719 1445 807 1515 ἄξων
849 1446 985 1508 καλεῖται
1027 1448 1046 1528 ἡ
1087 1447 1255 1530 διάμετρος

125 1575 191 1634 ρας
208 1558 264 1614 τοῦ
284 1553 415 1634 κέντρου
432 1553 528 1632 αὐτῆς
544 1553 667 1634 διήκων
720 1556 775 1614 τοῦ
799 1551 936 1633 κόσμου,

125 1659 183 1721 inl
228 1658 286 1741 τὴν
331 1661 530 1741 περιφέρειαν
579 1661 666 1732 ἄξων

123 1767 275 1839 καλεῖται,

122 1873 203 1954 περὶ
227 1875 264 1936 ὃν
287 1875 450 1956 στρέφεται
472 1875 491 1956 ἡ
516 1879 642 1955 σφαῖρα.
720 1872 791 1954 περὶ
820 1875 860 1955 ἣν
887 1875 1048 1955 στρέφεται
1078 1875 1097 1936 ὁ
1122 1875 1253 1957 κόσμος.

221 1980 273 2045 Εε
288 1980 463 2061 sententia,
481 1999 576 2060 quam
595 1978 732 2061 legimus
752 1978 839 2060 apud
857 1978 1025 2045 Manilium
1041 2000 1093 2046 vv.
1111 1986 1174 2046 292
1191 2001 1254 2061 sq:

508 2085 594 2168 ,quia
617 2090 736 2151 motum
761 2105 823 2151 non
846 2086 949 2151 babet
971 2087 1070 2151 ullum

283 2195 358 2276 Ipse
382 2193 474 2259 videt
493 2194 581 2259 cirea
604 2193 779 2259 volitantia
803 2198 919 2258 cuncta
938 2194 1083 2276 moveri’,

123 2320 378 2384 supervacanea
401 2301 493 2367 nobis
512 2301 652 2382 videtur,
672 2320 743 2366 cum
766 2300 851 2365 idem
876 2302 989 2382 paucis
1008 2301 1157 2368 versibus
1176 2308 1253 2368 ante

124 2410 252 2475 dictum
273 2408 327 2474 sit.
366 2409 429 2474 Cur
448 2406 602 2473 Manilius
625 2427 694 2473 rem
713 2409 806 2473 modo
826 2409 1028 2473 declaratam
1048 2409 1252 2492 repetiverit,

124 2516 316 2600 apparebit,
347 2514 403 2579 ubi
432 2513 570 2579 Achillis
602 2533 672 2596 cap.
706 2520 746 2578 28
776 2513 1024 2594 inspexerimus:
1055 2514 1252 2596 ,Ὠνόμασται

124 2627 163 2690 δὲ
194 2627 286 2697 ἄξων
317 2623 368 2686 διὰ
398 2624 432 2687 τδ
462 2624 534 2705 περὶ
566 2623 661 2686 αὐτὸν
695 2624 828 2704 ἄγεσθαι
860 2623 913 2685 καὶ
943 2623 1167 2704 περιδινεῖσθαι
1198 2625 1252 2688 τὸν

124 2733 289 2815 οὐρανόν(
329 2731 442 2795 Nonne
466 2729 733 2796 verisimillimum
759 2735 810 2794 est
833 2733 974 2811 poetam,
999 2736 1036 2793 ut
1060 2729 1132 2794 axis
1156 2730 1253 2812 signi·

123 2838 314 2904 ficationem
339 2844 527 2918 exponeret,
548 2837 632 2902 hanc
657 2835 885 2918 etymologiam
909 2854 929 2898 a
948 2833 1123 2900 Posidonio
1146 2855 1251 2918 sump-

124 2947 212 3012 sisse
236 2950 271 3010 et
293 2928 396 3010 verba
419 2963 542 3025 graeca
566 2943 669 3008 libere
693 2942 912 3023 transtulisse,
937 2961 1008 3006 cum
1032 2961 1096 3006 non
1120 2951 1252 3010 curaret

123 3055 242 3137 lingua
265 3051 371 3117 latina
390 3050 539 3116 adbibita
563 3049 746 3115 sententiae
770 3068 924 3114 summam
949 3050 1142 3115 obscurari?
1179 3052 1250 3116 Hoc

121 3181 188 3227 uno
214 3160 308 3224 modo
336 3176 446 3225 versus
470 3157 543 3223 illos
567 3156 780 3238 interpretari
803 3175 944 3238 possum.
988 3155 1059 3238 Qua
1085 3157 1125 3222 de
1150 3177 1250 3223 causa

122 3272 201 3350 post
246 3268 348 3332 verba
389 3267 460 3346 ,boc
497 3265 608 3330 dixere
643 3265 746 3329 axem‘
785 3262 938 3346 graviore
975 3282 1071 3342 quam
1110 3265 1249 3330 Iacobus

123 3373 337 3440 distinctione
360 3376 443 3437 utor.
486 3372 575 3436 Pono
600 3370 727 3453 signum
749 3370 839 3452 illud,
860 3371 944 3450 quod
966 3370 1057 3435 colon
1081 3373 1250 3453 appellare

122 3479 360 3561 consuevimus,
378 3483 415 3542 ut
430 3477 549 3544 clarius
562 3483 723 3560 appareat
737 3477 885 3543 versibus
900 3477 1111 3557 sequentibus
1128 3498 1248 3560 eorum,

122 3585 444 3669 quaeantecedunt,
470 3604 599 3650 causam
625 3584 793 3650 contineri.

216 3694 302 3760 Sane
330 3691 493 3757 mirabilia
522 3691 675 3756 Manilius
703 3710 757 3757 vv.
782 3695 846 3756 443
876 3710 945 3771 sqq.
970 3694 1005 3755 et
1029 3697 1092 3756 590
1121 3698 1246 3758 narrat.

122 3802 204 3885 Quis
241 3800 306 3867 fuit
343 3806 476 3883 praeter
512 3801 597 3865 hunc
633 3803 775 3881 poetam,
813 3798 867 3879 qui
905 3798 1122 3864 antarcticum
1162 3800 1247 3866 sicut

122 3909 283 3975 arcticum
306 3910 425 3974 Arctos
453 3912 488 3972 et
510 3907 693 3971 Draconem
718 3905 888 3987 complecti
916 3906 1109 3987 putaverit?
1148 3907 1247 3973 Haud

122 4017 191 4084 scio
224 4037 267 4082 an
297 4016 368 4098 ipse
398 4020 497 4096 poeta
527 4015 625 4079 talem
657 4013 831 4080 antarctiei
864 4018 1013 4079 ornatum
1048 4019 1246 4081 commentus

122 4125 178 4206 sit,
211 4122 276 4188 nisi
307 4122 393 4189 forte
432 4121 567 4186 eundem
606 4121 636 4186 ei
673 4140 814 4186 errorem
851 4120 1016 4202 imponere
1053 4121 1148 4204 libet,
1184 4141 1245 4202 quo

121 4231 261 4295 Iacobus
293 4231 405 4311 lapsus
437 4226 516 4293 est¹.
573 4227 636 4310 Qui
668 4228 753 4309 apud
792 4227 950 4293 Achillem
982 4247 1053 4309 cap.
1086 4234 1127 4294 25
1159 4228 1244 4294 idem

215 4373 223 4402 ¹
241 4373 330 4438 Iacob,
349 4371 382 4425 de
401 4371 435 4424 M.
455 4370 565 4425 Manilio
584 4374 672 4438 po'e'ta,
692 4370 800 4424 Liibeck
820 4370 897 4436 laaa,
916 4386 942 4437 p.
962 4371 1005 4424 21.
