2760 4852
273 534 342 598 Iam
352 535 522 599 redeamus
533 535 574 598 ad
586 534 724 615 priorem
733 534 808 600 libri
823 535 917 615 primi
928 541 1064 615 partem.
1081 536 1142 600 Vv.
1155 541 1219 599 255
1232 554 1306 615 sqq.

185 645 283 720 poeta
295 639 404 704 mundi
424 660 516 705 axem
537 645 568 704 et
590 640 759 706 stellarum
771 641 907 705 fixarum
927 642 1099 721 sphaeram
1115 640 1308 707 describens

184 750 273 811 totus
305 747 375 812 fere
398 735 448 813 'ab
481 749 584 814 Arato
617 746 765 829 pondet¹.
823 748 888 813 Sed
921 749 1007 829 apud
1039 746 1197 813 Aratum²
1231 749 1307 814 axis

185 853 321 935 primum
352 856 454 921 locum
486 855 626 937 obtinet,
658 855 774 920 deinde
808 874 943 921 omnes
973 856 1090 921 stellae
1120 856 1206 920 fixae
1241 876 1306 921 uno

184 967 298 1026 tenore
331 966 560 1027 enumerantur
596 1000 639 1007 -—
677 963 764 1043 apud
796 962 963 1027 Manilium
1001 963 1167 1028 duodecim
1206 963 1306 1028 zodia

186 1068 416 1151 anticipantur,
441 1074 593 1134 secuntur
624 1069 695 1135 axis
726 1076 760 1134 et
787 1071 932 1149 reliquae
961 1071 1077 1134 stellae
1105 1070 1304 1135 inerrantes,

185 1174 270 1256 Quid
299 1181 429 1256 pottam
459 1177 640 1242 Romanum
672 1176 823 1258 adduxit,
854 1183 890 1241 ut
919 1176 1029 1258 inepte
1060 1176 1184 1241 medias
1214 1177 1306 1242 inter

185 1283 300 1347 stellas
321 1283 405 1357 fixas
430 1304 523 1349 axem
555 1283 780 1350 describeret?
806 1321 847 1329 —
873 1289 909 1348 ut
932 1284 1098 1348 zodiacum
1131 1304 1151 1348 a
1181 1284 1304 1350 ceteris

184 1387 285 1471 signis
316 1395 496 1472 separaret,
527 1396 683 1471 tanquam
714 1390 882 1455 duodecim
912 1390 969 1454 illa
998 1389 1092 1472 signa
1120 1411 1182 1455 non
1214 1390 1304 1455 inter

184 1515 223 1560 ea
247 1497 397 1561 habenda
421 1503 540 1578 essent,
566 1517 649 1577 quae
674 1516 744 1563 cum
768 1503 838 1562 toto
863 1498 953 1563 caelo
979 1496 1098 1561 circum
1122 1517 1215 1561 axem
1236 1498 1305 1563 vol-

183 1606 327 1669 vuntur?
376 1604 447 1669 Non
478 1612 601 1670 temere
634 1605 788 1670 Manilius
820 1605 916 1669 Arati
954 1604 1118 1670 meliorem
1156 1604 1302 1670 ordinem

183 1710 377 1778 immutavit.
435 1713 516 1776 Nam
549 1711 703 1777 Geminus
737 1731 862 1791 quoque
895 1712 936 1776 de
972 1711 1105 1777 zodiaco
1140 1711 1225 1795 (cap.
1260 1710 1304 1796 I.)

183 1822 261 1883 ante
291 1823 403 1883 cetera
434 1819 528 1901 signa
559 1820 644 1901 (cap.
668 1818 726 1902 Π.)
758 1820 860 1884 rerba
890 1817 980 1884 iacit.
1035 1819 1081 1884 ef.
1106 1819 1303 1900 praesertim

184 1945 254 2006 cap.
280 1926 322 1990 Π.
347 1925 400 2008 in,
426 1947 456 2007 p.
485 1932 523 1991 12
546 1928 600 1991 A.:
633 1927 689 2009 ,Ta
717 1930 980 2009 κατηστερισμένα
1011 1929 1111 2009 ἄστρα
1143 1928 1304 2009 διαιρεῖται

183 2035 226 2102 εἷς
255 2035 338 2116 μέρη
366 2036 435 2116 τρία
452 2036 496 2097 ,ἃ
526 2035 584 2116 μὲν
613 2035 673 2117 γὰρ
703 2036 808 2097 αὐτῶν
833 2035 883 2097 ε’πὶ
911 2041 966 2097 τοῦ
991 2035 1154 2108 ζωδιακοῦ
1178 2035 1303 2098 κύκλου

183 2146 285 2220 κεῖται,
306 2143 326 2202 ἃ
348 2141 382 2203 δὲ
406 2142 522 2222 λέγεται
540 2141 659 2223 βόρεια,
680 2144 699 2203 ἃ
720 2142 755 2204 δὲ
773 2142 1039 2223 προσαγορεύεται
1058 2141 1161 2203 νότια.ί
1191 2139 1304 2206 Primo

183 2244 283 2325 igitur
317 2253 426 2328 poeta,
465 2266 535 2311 cum
573 2267 625 2313 vv.
666 2253 842 2313 255—274
884 2247 1049 2312 zodiacum
1091 2245 1303 2330 anticiparet,

182 2350 390 2417 Posidonium
424 2358 589 2420 auctorem
621 2355 765 2419 habebat
796 2392 838 2400 -
872 2354 936 2418 iam
968 2353 1046 2419 licet
1083 2354 1144 2418 hoe
1181 2353 1304 2419 dicere.

184 2459 222 2523 V.
254 2465 316 2524 275
357 2460 399 2525 ad
436 2462 573 2527 Aratum
612 2461 755 2527 transiit.
817 2461 1007 2526 Omittenda
1041 2460 1198 2527 videlicet
1235 2466 1306 2526 tum

184 2572 288 2651 erant,
315 2587 398 2648 quae
422 2574 499 2633 ante
524 2571 725 2635 absolverat:
750 2568 877 2634 zodiaci
900 2568 1005 2650 signa.

271 2676 452 2741 Praeterea
475 2696 540 2742 una
563 2677 595 2740 in
619 2696 654 2741 re
680 2682 779 2756 atque
804 2695 843 2741 ea
866 2674 1063 2758 gravissima
1087 2674 1239 2740 Manilius
1260 2679 1304 2741 ab

183 2783 286 2845 Arato
332 2781 480 2847 discedit.
552 2783 697 2874 Graecus
742 2781 826 2847 enim
863 2786 963 2863 poeta
1007 2783 1048 2845 ab
1094 2780 1219 2845 oriente
1258 2784 1304 2848 ad

184 2886 393 2970 occidentem,
413 2889 577 2954 Romanus
598 2891 639 2954 ab
659 2889 826 2954 occidente
847 2888 889 2953 ad
908 2888 1065 2954 orientem
1088 2888 1306 2969 progrediens

184 2994 278 3077 signa
309 3007 486 3061 enumerat.
539 2996 617 3061 Cum
647 2981 781 3062 Manilio
812 2996 1025 3061 conferendus
1056 3002 1108 3059 est
1135 2995 1305 3079 GeminuS,

184 3101 238 3181 qui
261 3122 293 3183 p.
321 3109 359 3169 12
384 3103 422 3168 E.
453 3108 486 3169 et
513 3109 550 3168 13
576 3104 624 3185 B,
655 3105 717 3169 etsi
748 3123 812 3168 non
841 3104 976 3169 eundem
1006 3101 1160 3184 ordinem,
1191 3107 1305 3169 tamen

183 3210 319 3274 eandem
343 3211 554 3276 enumerandi
577 3211 788 3277 directionem
813 3211 955 3276 exbibet.

270 3317 412 3382 Restant
453 3318 515 3382 duo
552 3318 616 3382 loci
652 3318 838 3400 Maniliani,
881 3319 920 3383 de
956 3318 1071 3397 quibus
1107 3317 1168 3381 hac
1203 3323 1304 3397 parte

182 3423 327 3490 breviter
351 3423 519 3490 dicendum
546 3430 606 3490 est.

271 3531 330 3597 Vv.
370 3538 433 3596 216
471 3551 533 3612 sq.:
572 3552 738 3615 ‚nusquam
775 3531 922 3599 invenies
959 3530 1085 3613 fulgere
1124 3530 1303 3616 Canopum,

505 3641 617 3706 Donec
639 3640 785 3706 Niliacas
808 3658 867 3721 per
890 3642 1023 3720 pontum
1048 3637 1178 3704 veneris
1202 3643 1302 3703 oras!

270 3745 359 3810 Idem
394 3746 489 3812 docet
521 3747 676 3813 Geminus
709 3768 779 3829 eap.
812 3747 855 3811 Il.
886 3746 951 3827 tim,
983 3766 1013 3826 p.
1048 3751 1086 3810 13
1118 3746 1157 3809 D.
1204 3746 1303 3812 Hanc

182 3850 297 3917 falsam
322 3854 580 3922 observationem
604 3855 706 3937 ipsius
730 3874 801 3920 esse
824 3851 991 3918 Posidonii
1010 3852 1156 3917 Blassius
1180 3854 1303 3932 probat

272 4135 282 4172 ¹
301 4138 333 4190 V.
351 4137 422 4192 infra
439 4156 465 4207 p.
483 4142 518 4191 47
537 4155 593 4206 sqq.

272 4224 283 4254 ²
303 4228 375 4281 Φαιν.
394 4246 437 4282 vv.
456 4231 491 4280 20
509 4245 565 4295 sqq.
