2760 4852
1166 355 1211 422 21

186 558 312 622 Rursus
343 557 477 622 Manilio
515 558 628 622 eadem
662 556 786 638 ineptia
818 557 989 622 obicienda
1022 563 1085 639 est,
1120 578 1215 638 quam

88 684 148 731 vv.
183 670 247 729 292
272 683 319 744 sq.
350 663 491 730 admisit,
546 664 618 729 nhc
651 683 761 730 vocem
793 663 884 745 ,axis‘
918 665 961 728 ad
995 664 1215 746 ,volitandnm‘

91 769 160 854 (gr.
191 770 339 856 ἄγεσθαι)
372 771 511 853 rettulit,
545 771 598 837 hic
631 773 821 837 vocabulum
855 791 1006 853 graecum
1033 773 1168 854 ,ὁρίζωνι
1199 793 1219 837 a

88 877 201 943 latino
228 877 319 958 ,finis‘
345 876 443 942 ducit.

185 983 254 1048 Eos
285 1001 410 1065 versus
444 984 559 1064 quibus
591 989 738 1049 veterum
767 984 806 1047 de
839 982 964 1066 origine
998 983 1085 1049 orbis
1119 984 1219 1050 lactei

91 1090 283 1156 sententiae
314 1096 553 1172 enumerantur,
586 1110 657 1156 cum
685 1089 821 1156 Achillis
852 1110 924 1172 cap.
957 1095 999 1155 24
1030 1110 1219 1172 comparare

92 1197 305 1280 supersedeo,
335 1217 405 1262 cum
433 1197 576 1263 Dieisius
602 1197 665 1262 Rh.
694 1199 777 1262 Mus.
805 1197 952 1261 XXXIV
981 1218 1011 1279 p.
1036 1203 1101 1262 490
1137 1198 1219 1264 satis

92 1303 282 1369 ostenderit
304 1305 364 1369 has
387 1309 501 1386 partes
524 1302 697 1370 Posidonio
722 1303 913 1369 tribuendas
936 1322 1018 1370 esse.

460 1507 490 1565 9.
536 1501 632 1583 Περὶ
655 1502 864 1583 πλανήτων.

264 1606 365 1689 (Man.
390 1608 416 1687 i,
441 1614 627 1689 eoa-812,
653 1607 769 1673 Achill.
786 1627 866 1688 cap.
895 1608 1049 1692 15-17.)

187 1730 326 1796 Achillis
350 1737 449 1812 caput
474 1739 513 1796 16
538 1733 673 1798 eundem
699 1735 913 1814 sphaerarum
942 1731 1088 1797 ordinem
1110 1735 1221 1814 hahet,

94 1857 193 1918 quem
247 1837 333 1919 apud
380 1837 550 1903 Geminum
600 1844 634 1903 et
683 1837 890 1903 Posidonium
940 1843 1072 1904 exstare
1124 1859 1223 1920 supra

94 1944 166 2010 dixi
191 1964 224 2026 p.
250 1951 280 2008 9.

460 2040 510 2098 lo.
555 2033 650 2116 Περὶ
673 2036 863 2117 nominor.

324 2141 425 2225 (hian.
450 2142 475 2216 I,
501 2149 563 2207 813
589 2162 670 2224 sqq,
696 2142 812 2209 Achih.
838 2162 908 2224 cap.
935 2143 1003 2226 34.)

189 2267 241 2332 De
266 2272 462 2332 cometarum
487 2271 561 2332 ortu
584 2267 670 2348 apud
694 2272 825 2348 poetam
849 2271 918 2332 tres
942 2268 1127 2333 sententiae
1152 2289 1224 2350 pro·

93 2376 260 2455 feruntur,
284 2393 418 2454 quarum
450 2375 556 2439 altera
587 2379 622 2439 et
649 2373 752 2439 tertia
783 2375 930 2440 breviter
957 2374 1224 2457 perstringrurtur

95 2483 167 2568 (vv.
182 2488 245 2547 867
251 2486 383 2566 —875),
398 2481 502 2564 prima
514 2481 625 2547 multis
637 2482 746 2547 verbis
760 2487 923 2547 tractatur
937 2482 1005 2567 (nv.
1021 2482 1224 2568 817-866).

93 2592 193 2656 Haeo
222 2588 323 2672 igitur
350 2589 420 2654 sine
450 2588 545 2654 dubio
577 2609 618 2654 ex
643 2609 682 2654 ea
713 2589 788 2653 lihri
819 2588 945 2670 physici
968 2595 1064 2670 parte
1094 2595 1225 2671 srnnpta

95 2703 160 2778 est,
186 2715 250 2776 qua
281 2696 320 2778 ie,
345 2696 399 2775 qui
423 2702 553 2761 ceteras
584 2695 750 2778 opiniones
782 2695 972 2777 collegerat,
998 2714 1088 2761 suam
1121 2696 1223 2777 ipsius

95 2802 231 2870 uberius
256 2804 450 2884 exponebat.

189 2909 343 2975 Comatae
375 2911 550 2975 secundum
583 2911 642 2974 hos
665 2928 779 2975 versus
810 2909 859 2973 ita
883 2909 1071 2992 gignuntur,
1096 2915 1133 2974 ut
1166 2916 1224 2975 a'e‘r

96 3016 177 3082 solis
192 3014 294 3081 radiis
310 3021 473 3081 torrescat
483 3021 517 3080 et
532 3015 640 3079 calore
658 3014 726 3080 eius
741 3014 848 3080 siccae
864 3020 973 3079 terrae
986 3015 1222 3097 exhalationes,

96 3129 271 3206 postquam
290 3123 439 3188 humidas
459 3127 707 3204 superaverunt,
726 3121 958 3187 accendantur.
1000 3122 1071 3186 Non
1091 3142 1223 3203 prorsus

97 3233 183 3296 haec
216 3230 258 3295 ad
288 3228 454 3294 Posidonii
488 3228 668 3302 doctrinam
702 3229 875 3308 quadrant.
927 3227 1032 3293 Schol.
1062 3230 1157 3293 Arat.
1183 3229 1223 3294 ed

95 3338 233 3403 Bekker
263 3356 294 3402 v.
322 3342 420 3402 1091:
452 3339 481 3410 ,ὁ
515 3338 549 3400 δὲ
584 3335 796 3405 Ποσειδώνιος
827 3336 930 3419 ἀρχὴν
955 3337 1104 3417 γενέσεως
1128 3339 1222 3418 ἴσχειν

96 3446 178 3529 φησὶ
196 3443 268 3514 τοὺς
285 3446 435 3527 κομήτας,
454 3444 528 3506 ὅταν
547 3450 646 3506 ατοῦ
667 3444 762 3522 ἀέρος
781 3445 1056 3525 παχυμερέατερον
1075 3443 1224 3525 §unitura

96 3554 142 3622 εἰς
164 3551 219 3615 τὸν
243 3548 380 3632 αἰθέρα1
404 3558 442 3633 τῇ
465 3557 518 3612 ταῦ
543 3546 689 3631 αἰθέρος1
717 3550 784 3631 δίνῃ
809 3549 944 3631 ε’νόεθῇὲ
990 3549 1112 3612 Tamen
1140 3549 1222 3613 satis

96 3658 203 3722 mrilta
227 3661 313 3738 sunt,
335 3676 418 3737 quae
442 3657 582 3737 probent
600 3655 824 3737 philosophum
848 3654 943 3719 huius
968 3673 1092 3734 qiroque
1117 3655 1222 3736 partis

99 3770 267 3830 auctorem
292 3782 374 3828 esse.
429 3763 576 3828 Adiuvat
607 3781 664 3827 nos
689 3761 829 3844 Seneca,
855 3761 909 3841 qui
933 3761 1001 3826 eius
1025 3761 1220 3826 sententiam

98 3876 168 3936 nat.
195 3875 320 3951 quaest.
344 3871 417 3952 VH,
443 3877 483 3936 20
508 3874 542 3935 et
566 3875 605 3934 21
633 3868 775 3951 exponit,
806 3868 1015 3949 sequentihus
1039 3867 1219 3951 impugnat.

191 3978 315 4044 Seneca
339 3982 472 4043 auctore
492 3981 634 4042 cometes
655 3976 785 4059 ,ignium
805 3976 897 4040 modo
918 3975 1105 4041 alimentum
1130 3995 1220 4041 suum

101 4084 257 4166 sequitur‘
282 4084 395 4171 (21,2;
421 4089 472 4163 20,
485 4084 528 4168 2).
577 4083 631 4148 Sic
654 4082 807 4147 Manilius
831 4102 861 4148 v.
887 4089 964 4147 821:

248 4191 347 4273 ,Apta
371 4191 527 4256 alimenta
550 4190 612 4255 sihi
636 4189 785 4255 dimissus
810 4189 944 4270 corripit
966 4189 1072 4271 ignis}

102 4301 312 4310 *—

191 4333 199 4362 ¹
219 4331 302 4386 Oodd.
321 4331 398 4399 ἀέρας
417 4329 512 4398 αἰθέρα
530 4331 606 4384 Bake
624 4331 641 4383 l.
661 4330 679 4385 l.
698 4346 723 4398 p.
744 4332 786 4384 79.
