2760 4852
169 331 216 398 52

165 533 306 617 imagine
335 533 465 599 dixerit.
496 570 535 578 -
568 532 719 597 Ceterum
748 533 806 596 sub
827 531 935 597 ,finem
967 529 1117 612 Hyginus
1150 527 1287 592 eandem

164 639 307 706 i‘abulam
346 642 386 705 ah
425 639 498 704 aliis
538 640 578 703 ad
614 639 737 703 Ledam
772 637 889 702 referri
925 636 1039 701 tradit.
1100 635 1148 699 Oi.
1185 634 1286 699 schol.

164 748 258 811 Arat.
283 768 314 813 v.
341 753 413 812 275.

252 853 373 933 Aquila
386 853 474 919 Iovis
494 854 563 918 ales
583 858 633 916 est
646 851 747 934 (Man.
765 856 826 915 343
840 879 880 904 =
893 853 1011 915 catast.
1029 849 1111 913 Roh.
1127 869 1158 929 p.
1177 854 1240 912 156
1257 849 1288 912 Α

163 961 184 1024 l.
223 967 241 1025 5
282 960 378 1044 sqq).
441 960 486 1024 Ut
527 965 644 1041 politae
686 957 834 1040 Ronraui,
878 955 1030 1021 Manilius
1072 976 1103 1021 v.
1145 960 1208 1019 344
1252 961 1287 1019 et

164 1067 376 1132 Germanicus
413 1087 444 1132 v.
481 1073 543 1132 316
573 1086 620 1147 sq.
653 1065 849 1130 addiderunt
880 1063 1014 1129 fulmina
1047 1082 1119 1128 eam
1152 1067 1287 1145 gestare

164 1174 234 1241 sive
257 1173 346 1239 Iouis
370 1173 564 1255 armigerum
590 1191 671 1238 esse.

252 1280 432 1361 Delphinus
462 1285 496 1343 et
528 1280 561 1344 in
590 1279 720 1344 Oceano
750 1285 783 1343 et
811 1278 843 1342 in
875 1277 965 1342 caelo
990 1295 1084 1341 sacer
1107 1280 1158 1341 est
1182 1275 1286 1358 (Man.

166 1392 413 1455 aaliz-catast.
437 1387 519 1450 Roh.
544 1406 573 1466 p.
603 1392 664 1450 158
688 1386 709 1450 l.
737 1391 777 1450 14
801 1383 896 1464 sqq).

250 1495 391 1558 Perseus
420 1492 581 1575 Gorgonis
606 1497 704 1573 caput
726 1490 868 1556 sustinet
892 1489 949 1574 (M.
975 1490 1203 1555 360=schol
1227 1490 1286 1554 Ar.

162 1621 193 1667 v.
220 1601 309 1686 250).

251 1707 438 1772 Heniochus
479 1706 601 1787 prinms
648 1724 774 1769 currum
822 1700 995 1783 quattuor¹
1042 1702 1133 1782 equis
1179 1701 1288 1769 iunxit

167 1813 224 1898 (M.
251 1820 313 1879 363
339 1813 528 1894 sq.=Roh.
549 1833 579 1894 p.
605 1819 646 1878 98
670 1814 690 1877 l.
718 1819 756 1876 12
782 1808 876 1895 sqq).

252 1920 419 2002 Capellam
451 1918 599 2000 Iuppiter
634 1918 848 1984 immortalem
880 1916 1025 1983 reddidit
1050 1922 1085 1983 et
1118 1917 1152 1981 in
1186 1917 1288 1982 astris

162 2027 271 2109 posuit
300 2027 357 2111 (M.
390 2031 630 2091 369=catast
662 2047 692 2107 p.
729 2031 801 2090 102.
854 2024 959 2090 Sclrol.
991 2024 1099 2089 Germ.
1128 2025 1166 2088 B.
1197 2025 1235 2091 P.
1264 2026 1287 2089 l.

164 2140 206 2200 24
230 2134 304 2217 sq).

253 2239 382 2306 Orionis
396 2239 493 2304 situm
510 2239 697 2305 describens
712 2239 865 2305 Manilius
886 2239 979 2304 Arati
993 2241 1096 2306 verba
1111 2240 1287 2306 emendare

164 2347 226 2413 sibi
250 2347 394 2413 videtur:

163 2456 202 2518 A.
229 2459 290 2518 322
327 2453 434 2526 Λοξός
466 2454 527 2534 μὲν
563 2452 698 2534 Τούροιο
753 2454 797 2518 M.
846 2460 907 2519 387
956 2454 1097 2519 Cernere
1144 2453 1299 2521 vicirmm‘

251 2569 345 2644 νομῆι
368 2561 570 2623 ὑποκέκλιται
593 2562 688 2630 αὐτός
843 2559 988 2625 Geminis
1012 2561 1089 2626 lieet
1113 2559 1245 2626 Oriona.

161 2668 287 2750 Ὠρίων.

253 2775 301 2839 Of.
326 2775 425 2840 selred.
450 2776 534 2839 Arai
557 2794 588 2839 v.
614 2780 695 2839 322:
726 2777 896 2857 ,μέμφοιτο
922 2775 949 2838 d'
970 2777 1010 2839 ἄν
1032 2800 1077 2846 τις
1096 2776 1218 2859 Ἀράτῳ
1243 2779 1291 2848 ὡς

162 2883 208 2964 μὴ
242 2883 383 2964 ἀκριβῶς
412 2883 599 2963 προσέχοντι
630 2889 666 2963 τῇ
692 2880 846 2964 Ὠρίωνος
876 2884 962 2945 ίίέοει
978 2903 983 2914 ·
999 2884 1037 2946 οὐ
1068 2883 1128 2965 γὰρ
1159 2883 1223 2946 ὑπὸ
1253 2885 1289 2947 τὸ

165 2989 364 3071 ὃιχοιόμημα
376 2995 432 3051 τοῦ
448 2989 574 3069 Ίαιίροο
588 2989 676 3060 ἐστίν,
690 2987 754 3049 ἀλλ’
768 2990 809 3051 ἔτι
818 2995 872 3051 τοῦ
886 2988 1010 3070 Ταύρου
1023 2991 1290 3073 ἀνατολικώτερός

164 3098 254 3158 ἐστιν.
300 3095 350 3176 ἄρ’
376 3096 434 3159 οὖν
457 3098 490 3158 ἓν
511 3102 587 3157 πᾶσι
605 3096 660 3177 τὴν
679 3096 839 3178 ἀκρίβειαν
858 3097 1078 3177 ἐνδειξάμενος
1096 3097 1177 3160 κατὰ
1197 3105 1290 3161 τοῦτο

163 3204 264 3285 μόνον
295 3204 435 3284 ἐσφάλη,
467 3203 630 3283 οὐδαμῶς,
662 3202 739 3264 ἀλλὰ
771 3203 902 3285 λέγομεν
932 3204 976 3265 ὅτι
1006 3210 1063 3266 νῦν
1085 3204 1187 3286 τομὴν
1210 3205 1291 3286 λέγει

165 3310 222 3391 τὴν
245 3309 447 3390 περιγραφὴν
471 3309 524 3370 καὶ
547 3309 582 3371 τὸ
607 3309 894 3392 ὃιοιμεμετρημὲνον
912 3311 1041 3391 χωρίον,
1066 3312 1121 3392 ὑφ’
1142 3312 1160 3372 ὃ
1179 3314 1291 3395 τμῆμά

166 3418 245 3478 ἔστιν
281 3416 299 3477 ὁ
332 3414 469 3496 Ὠρίων]
533 3415 604 3479 Non
646 3415 767 3497 dubito,
803 3415 879 3495 quin
916 3416 1070 3481 Manilius
1101 3417 1292 3484 cavillatori

168 3541 319 3586 assensus
340 3520 394 3602 sit,
415 3521 594 3602 captiosam
615 3521 682 3586 eius
702 3522 1008 3603 interpretationem
1028 3523 1118 3602 sequi
1138 3525 1291 3608 noluerit,

167 3633 343 3710 propterea
376 3627 506 3693 Orionis
539 3629 665 3711 signum
699 3630 741 3694 ad
774 3630 937 3703 Geminos,
972 3650 1036 3695 non
1072 3632 1114 3696 ad
1147 3633 1292 3698 Taurum

259 3858 265 3886 ¹
287 3858 439 3912 Germanici
458 3876 483 3913 v.
505 3862 555 3913 1⁵8
574 3876 612 3926 sq.
632 3859 670 3913 sic
688 3859 767 3929 lego:

594 3949 649 4014 ,qui
667 3948 768 4016 primus
786 3949 834 4002 sub
852 3948 916 4017 iuga
936 3948 1014 4002 duxit

435 4036 622 4105 Quadriiugos

170 4124 347 4191 quadripedes
375 4127 405 4178 B.
434 4126 473 4190 Ρ,
503 4126 688 4193 quadrupedes
716 4125 821 4193 reliqui.
867 4126 919 4180 Sed
947 4126 1004 4179 cod.
1033 4127 1149 4194 optimus
1176 4129 1216 4193 Β,
1247 4131 1293 4196 qui

169 4213 332 4266 Baelnensio
353 4221 463 4267 auctore
478 4218 560 4280 (polit.
575 4215 622 4266 lat.
637 4216 700 4268 inin.
715 4216 736 4285 1,
754 4218 815 4283 143)
832 4216 932 4269 veteris
951 4215 1160 4284 orthographiae
1175 4219 1294 4288 vestigia

170 4301 255 4354 inulta
282 4303 408 4368 servavit,
435 4318 527 4356 vocem
547 4302 620 4356 illam
647 4305 820 4371 depravatam
847 4320 905 4358 esse
930 4304 1044 4357 indicat:
1071 4304 1153 4358 habet
1170 4305 1293 4362 litteram

124 4436 129 4447 .
171 4395 205 4458 vp‘
224 4408 304 4445 manu
323 4394 339 4443 2
359 4408 391 4444 cx
411 4397 439 4457 ,t‘
459 4398 615 4446 correctam.
