2760 4852
216 549 373 616 Versibus
408 556 580 616 loa-172
613 550 767 616 Manilius
805 550 967 632 pendendi
1005 569 1172 616 causam
1198 570 1251 616 ex·

128 656 247 739 posuit,
280 677 333 725 vv.
371 664 542 723 173-193
583 678 603 722 a
635 658 805 724 stellarum
838 664 927 723 motu
959 663 1249 741 argumentum

129 762 227 846 ducit,
259 784 321 844 quo
348 767 478 847 probet,
504 769 626 830 terram
655 784 854 847 suspensam,
887 785 950 831 non
984 765 1056 847 ,imo
1085 765 1249 846 profundo

128 870 299 936 deiectam‘
329 890 410 936 esse.
457 872 528 936 Hoc
556 872 624 937 loco
650 872 806 937 adversus
838 892 887 953 ea,
912 892 995 952 quae
1018 871 1184 953 Epicurus
1208 872 1250 937 de

127 982 201 1042 ortu
224 981 259 1042 et
280 977 417 1043 interitu
441 983 600 1043 astrorum
626 977 722 1060 dixit,
748 979 859 1045 eodem
888 978 958 1045 fere
981 980 1074 1044 modo
1100 978 1249 1060 dimicat,

128 1104 189 1163 qno
225 1085 412 1150 Cleomedes
442 1106 473 1167 p.
513 1091 574 1151 158
607 1104 653 1164 sq.
685 1086 736 1149 Ζ.;
774 1087 892 1159 ,Καίτοι
928 1087 1011 1168 πρὸς
1045 1088 1144 1149 ἅπασι
1182 1093 1250 1156 τοῖς

127 1194 302 1274 εἰρημένοις
330 1193 544 1262 ἀτοπωτάτοις
577 1192 665 1256 οὗσιν
694 1196 736 1256 ἐτι
768 1195 821 1257 καὶ
852 1195 889 1257 cd
925 1196 1025 1277 ἄστρα
1059 1195 1249 1276 ἀπεφήνατο

128 1300 334 1362 ἀνατέλλοντα
362 1300 421 1382 μὲν
449 1300 645 1374 ἐξάπτεσθαι,
675 1302 815 1383 θυόμενα
848 1302 882 1365 dd
913 1302 1106 1383 σβέννυσθαι
1132 1298 1192 1383 (=
1216 1319 1249 1366 v.

131 1412 191 1471 182
212 1405 297 1491 sqq.)
317 1457 323 1470 .
344 1458 350 1471 .
371 1457 377 1470 .
398 1457 403 1469 .
424 1406 492 1471 οὐδ’
519 1408 620 1471 ἐκεῖνο
639 1409 731 1492 ἀπῄει
748 1410 842 1491 αὐτῷ,
861 1408 906 1471 ὅτι
928 1415 984 1491 τῆς
1008 1415 1065 1490 γῆς
1084 1415 1251 1489 σφαιρικῷ

127 1522 173 1595 τῷ
192 1516 324 1596 σχήματι
347 1515 546 1597 κεχρημένης
568 1515 677 1578 ἀλλοτε
700 1515 776 1597 παρ’
801 1516 905 1585 ἀλλοις
924 1517 1036 1578 ἕκαστα
1061 1515 1169 1576 αὐτῶν
1195 1514 1252 1577 καὶ

129 1621 232 1684 θύεται
255 1621 310 1683 καὶ
333 1622 490 1684 ἀνατέλλει
514 1619 570 1705 (=
595 1640 625 1686 v.
649 1627 710 1686 190
735 1622 797 1707 sq.)
914 1622 986 1704 'fla’
1012 1620 1058 1685 ὧν
1083 1621 1121 1703 ὀὴ
1147 1645 1249 1684 κατοι-

128 1730 235 1810 φανές,
256 1729 302 1799 ὡς
321 1729 430 1792 ἀλλοτε
448 1726 524 1811 παρ’
542 1728 646 1798 ἀλλοις
666 1729 767 1791 θύεται
784 1729 837 1792 καὶ
857 1730 1011 1792 ἀνατέλλει
1031 1730 1049 1791 ὁ
1068 1729 1177 1810 ἥλιος.
1194 1778 1201 1790 .
1219 1773 1249 1791 ι.

126 1837 238 1898 τούτου
276 1838 504 1918 συμβαίνοντας
539 1835 628 1917 παρὰ
661 1835 695 1898 τὸ
727 1838 747 1918 ἢ
779 1835 860 1918 πρὸς
890 1843 927 1918 τῇ
960 1836 1094 1918 ἀνατολῇ
1126 1836 1253 1917 μᾶλλον

127 1943 250 2006 κεῖσθαι
279 1942 333 2005 καὶ
362 1943 469 2025 τάχιον
498 1949 536 2024 τῇ
559 1947 614 2004 τοῦ
643 1943 733 2025 ἡλίου
758 1943 874 2026 ἐκβολῇ
898 1944 1096 2026 ἐντυγχάνειν
1119 1945 1139 2024 ἢ
1163 1943 1252 2025 πρὸς

126 2056 163 2132 τῇ
188 2050 275 2112 δύσει
298 2049 351 2112 καὶ
373 2050 505 2132 βράδιον
531 2046 587 2131 (=
612 2068 642 2114 v.
670 2048 756 2134 lan).

216 2156 266 2220 De
301 2159 492 2238 argumento
529 2154 585 2221 illo
617 2155 762 2221 Achilles
793 2156 874 2221 nihil
907 2157 996 2238 dicit,
1031 2156 1088 2221 sed
1120 2155 1253 2237 profert

127 2281 199 2326 eam
223 2262 430 2343 sententiam,
456 2281 550 2341 quam
566 2262 719 2328 Manilius
742 2263 922 2350 impugnat,
948 2284 1018 2346 cap.
1039 2269 1060 2326 4
1080 2265 1156 2345 (127
1175 2264 1251 2348 E.):

126 2369 340 2453 ,Ξενοφάντης
360 2370 394 2434 δὲ
414 2371 474 2433 οὐκ
495 2373 588 2433 οἴεται
610 2373 774 2453 μετέωρον
798 2371 945 2454 εἶναιτὴν
969 2379 1033 2454 γῆν,
1059 2370 1136 2433 ἀλλὰ
1157 2372 1252 2435 κάτω

126 2479 168 2547 εἰς
191 2478 322 2559 ἄπειρον
344 2478 521 2560 καθήκειν.ί

215 2584 377 2672 Cicerol.
407 2585 429 2648 l.
454 2589 488 2648 et
516 2583 660 2648 Achilles
688 2589 803 2664 cap&
838 2583 878 2648 de
901 2584 1027 2648 mnrrdi
1060 2582 1251 2649 stabilitate

125 2691 283 2756 locuntur.
347 2690 444 2772 Apud
483 2689 651 2755 Manilium
696 2688 801 2755 adhuc
845 2710 906 2755 non
951 2690 1012 2755 nisi
1052 2691 1092 2754 de
1127 2694 1251 2757 terra

125 2798 288 2879 pendente
321 2816 374 2862 res
412 2803 494 2862 crat.
549 2797 612 2863 Sed
645 2816 707 2862 non
741 2797 867 2862 omuino
902 2798 1052 2863 mundum
1086 2799 1249 2883 neglegit,

126 2923 319 2984 quamquam
348 2924 410 2968 non
441 2903 504 2970 nisi
532 2903 735 2985 praeteriens
767 2923 837 2968 eum
869 2903 1007 2987 attingit
1029 2924 1059 2970 v.
1088 2909 1150 2969 194
1175 2925 1249 2986 sqq.

445 3108 475 3167 5.
521 3101 617 3184 Περὶ
640 3104 828 3186 σχήματος
850 3109 922 3186 γῆς.

347 3208 448 3293 (Man.
472 3209 498 3291 I,
525 3214 709 3292 non—235,
733 3209 851 3274 Achill.
879 3229 949 3290 cap.
976 3208 1020 3293 6.)

215 3334 300 3399 Tota
314 3335 375 3398 hac
389 3339 484 3415 parte
500 3333 654 3399 Manilius
669 3335 709 3398 de
724 3339 856 3399 terrae
871 3332 1075 3398 rotunditate
1089 3333 1247 3418 loquitur,

124 3440 241 3505 iterum
254 3440 417 3504 mundus
433 3440 547 3522 paucis
561 3441 796 3523 perstringitur
816 3440 882 3525 (vv.
900 3447 962 3506 206
976 3439 1049 3521 su).
1084 3441 1247 3522 ,Mundus‘

125 3547 239 3629 inquit,
266 3552 376 3630 astra,
402 3553 492 3613 terra
515 3549 657 3613 rotunda
685 3553 770 3614 sunt.
812 3549 895 3612 Nam
923 3549 1006 3613 haec
1030 3553 1081 3612 est
1104 3546 1248 3613 naturae

124 3653 237 3736 forma,
258 3674 341 3735 qnae
361 3674 431 3720 cum
451 3674 554 3735 neque
573 3654 700 3721 initium
720 3674 823 3734 neque
842 3655 938 3719 finem
956 3656 1089 3737 habeat,
1107 3661 1247 3721 aeterna

126 3767 160 3826 et
190 3762 330 3843 deorum,
356 3761 411 3841 qui
441 3781 503 3826 non
527 3769 694 3827 mutantur
724 3761 756 3826 in
789 3780 870 3827 aevo
895 3761 941 3846 (v.
967 3761 1055 3847 523),
1080 3760 1247 3827 simillima

126 3871 197 3934 εει.ι
257 3869 351 3933 Hanc
388 3868 492 3949 ipsam
524 3868 689 3934 Posidonii
723 3868 904 3934 doctrinam
937 3869 1023 3950 apud
1056 3868 1243 3934 Ciceronem

125 3975 272 4056 legimus,
297 3974 351 4053 qui
375 3974 415 4039 de
439 3976 526 4040 deor.
551 3981 618 4040 nat.
643 3977 686 4058 ll,
707 3980 748 4039 45
772 3973 862 4056 sqq.¹
887 3976 1044 4042 adversus
1067 3975 1243 4056 Epicurum

125 4088 226 4164 negat
247 4080 415 4161 quicquam
432 4081 598 4165 impedire,
616 4084 691 4163 quin
707 4083 839 4147 deorum
853 4081 912 4167 (sc.
929 4083 1050 4164 mundi,
1066 4083 1242 4169 astrorum)

216 4311 224 4342 ¹
244 4312 276 4364 V.
297 4311 458 4366 Schweucke
477 4313 495 4366 l.
514 4312 531 4366 l.
551 4329 576 4380 p.
598 4315 647 4365 133
666 4330 722 4378 sqq.
