2760 4852
1201 363 1245 430 31

140 574 320 656 Anonymus
354 572 532 638 Caucasum
568 578 602 639 et
636 575 727 638 Mare
765 573 895 637 rubrum
936 570 1016 635 fines
1052 571 1153 656 ponit,
1192 569 1250 634 sed

140 680 227 746 illam
248 686 390 747 veterum
421 679 617 745 sententiam
648 699 711 745 non
742 677 877 743 omittit:
908 682 970 742 393
995 678 1015 741 b
1036 683 1077 743 30
1101 679 1188 751 ,τινὲς
1213 678 1248 740 δὲ

143 787 176 852 τὸ
202 788 260 852 ἀπὸ
291 788 442 858 Τανάϊδος
472 789 568 870 μέχρι
599 787 716 851 ΝείίοιΙ
748 787 917 868 στομάτων
946 786 1080 847 τίθενται
1110 785 1163 848 τὸν
1193 792 1249 868 τῆς

140 896 236 967 Ἄσίας
257 898 355 979 ὅρον]

224 1002 314 1069 Licet
333 1003 456 1084 aliquid
474 1001 604 1069 intersit
624 1002 710 1067 inter
729 1000 808 1066 duos
828 980 926 1079 locos
942 1004 1050 1064 tamen
1069 997 1247 1064 similitudo

145 1109 213 1173 mihi
230 1115 323 1175 tantu
340 1111 482 1191 videtur,
502 1114 539 1175 ut
557 1129 627 1174 meo
647 1108 717 1174 iure
734 1106 925 1172 concludere
944 1104 1064 1186 possim
1079 1105 1248 1172 Manilium

144 1215 215 1281 libro
230 1223 343 1297 quarto
358 1216 528 1283 occasione
545 1217 657 1282 oblata
677 1216 719 1281 ad
735 1215 769 1280 id
782 1212 949 1279 Posidonii
965 1232 1044 1294 opus
1060 1212 1246 1295 incurrisse,

144 1324 218 1402 quod
239 1325 281 1390 ad
304 1323 557 1406 componendum
580 1323 702 1388 librum·
722 1321 858 1403 primum
883 1319 1087 1385 adhibuerat.

220 1430 323 1514 Caput
346 1436 368 1497 4
398 1429 473 1495 libri
503 1430 575 1512 περὶ
597 1431 723 1511 κόσμου
755 1428 797 1493 ad
822 1446 878 1492 eas
908 1446 961 1492 res
984 1426 1138 1509 pertinet,
1164 1446 1247 1506 quae

136 1534 168 1600 in
196 1543 270 1602 atre
299 1537 448 1602 oriuntur
478 1542 512 1602 et
542 1555 625 1617 quae
656 1536 805 1618 μετάρσια
839 1534 998 1616 dicuntur,
1028 1535 1119 1599 velut
1145 1534 1247 1609 uenti,

134 1645 240 1726 nubes,
264 1643 408 1727 immina,
434 1643 561 1709 similia.
609 1643 795 1724 Complures
818 1641 913 1707 huius
931 1641 1036 1722 partis
1060 1642 1147 1706 locos
1171 1640 1246 1706 olim

129 1749 273 1816 Zellerus
290 1750 465 1816 Posidonio
488 1750 613 1817 tribuit.
657 1749 817 1815 Addenda
840 1753 925 1830 sunt,
946 1768 1029 1828 (lurae
1054 1768 1094 1814 ex
1112 1747 1246 1812 llunilio

128 1861 165 1921 et
187 1857 309 1924 Achille
334 1877 405 1923 cum
428 1857 711 1923 Pseudaristotele
736 1855 864 1922 collatis
887 1856 1058 1921 lucramur.

219 1965 359 2031 Achilles
382 1965 477 2031 huius
504 1964 610 2048 partis
640 1963 768 2028 initium
793 1962 883 2044 capit
907 1983 927 2027 a
951 1962 1059 2029 ventis
1083 1968 1181 2043 alume
1206 1963 1245 2026 de

123 2070 247 2136 eisdem
269 2072 340 2138 fere
365 2071 521 2155 disputat,
547 2091 626 2152 quos
650 2070 736 2152 apud
760 2089 953 2152 anonymum
977 2069 1168 2134 irruenimus.

121 2177 345 2261 Achillcap.
359 2179 667 2262 333p.157Esqq.:
877 2176 1035 2241 Ps.-Ar.:

121 2287 245 2367 ἄνεμον
266 2286 344 2350 εἶναι
368 2287 457 2369 ῥύσιν
480 2287 575 2369 ἀέρος
681 2304 712 2365 p.
732 2285 828 2348 3941)
865 2290 884 2348 8

121 2391 282 2475 διαφέρειν
305 2394 425 2475 ἄνεμον
449 2394 549 2476 αὔρας
845 2397 884 2456 12

121 2499 228 2580 αὔραν
250 2500 333 2575 εἶναι,
350 2501 563 2581 ἀναθυμίασιν
587 2507 646 2582 γῆς
844 2502 882 2560 13
899 2496 967 2573 (τὰς
981 2498 1014 2568 ἒξ
1029 2497 1130 2577 ὑγροῦ
1146 2521 1242 2579 (μερο-

964 2605 1064 2685 μένας
1088 2605 1242 2681 ἔκπνοάς)

121 2711 226 2777 Varia
247 2719 417 2780 ventorum
441 2732 580 2795 genera:

161 2819 186 2883 I.
213 2821 352 2903 εἰινεφίαι
845 2822 883 2880 16

214 2928 354 3009 ἀπόγειοι
843 2928 884 2988 14

213 3035 350 3116 ε’νυόρίαι
843 3036 880 3092 15
907 3031 966 3111 (la
991 3031 1143 3111 ἕξνὸρίαι)

212 3142 335 3205 κολπίαι
842 3142 878 3198 15
906 3137 1092 3217 (ἕγκοίνείαι)

212 3248 328 3329 ὀρεσίαι
840 3281 880 3288 -

144 3352 185 3416 ΙΙ.
212 3353 387 3420 Duodecim
413 3353 517 3421 venti:

211 3480 282 3527 vac.
841 3463 880 3521 19
905 3475 973 3536 sqq.

121 3566 183 3631 Ill.
211 3568 310 3633 Venti
333 3567 531 3650 peculiares:

211 3676 352 3749 Καικίας,
374 3677 521 3757 Σκείρων
842 3690 909 3736 vac.

125 3781 182 3847 IV.
210 3783 295 3864 βίαια
317 3784 494 3865 πνεύμονας

212 3890 341 3953 θύελλαι
678 3906 708 3967 p.
729 3891 825 3949 395a
861 3892 880 3949 6

213 3996 366 4078 στρόβιλοι
862 3999 878 4055 7

213 4110 391 4186 πρηστῆρες
841 4104 880 4162 lo

920 3668 929 3702 1

114 4245 206 4255 ρ’.-.-

216 4329 225 4358 ¹
243 4329 293 4383 Sed
311 4331 328 4384 l.
347 4333 380 4384 21
401 4338 453 4383 τῶν
472 4352 499 4399 γε
517 4331 565 4398 μὲν
583 4332 670 4398 εἴριον
689 4330 795 4386 καικίας
813 4327 909 4396 λέγεται
930 4334 981 4381 etc.
