2760 4852
1205 376 1250 443 15

130 589 189 645 τοῦ
209 583 408 664 περιέχεσθαι
427 583 481 644 καὶ
498 582 611 651 ταύτας
629 583 773 663 πελάγεσι
791 582 940 664 μεγάλαις
955 580 1012 666 (=
1029 601 1081 647 VV.
1099 587 1160 647 165
1178 582 1252 665 sq).

126 689 209 752 Ἃπὸ
234 689 268 753 δὲ
295 696 350 752 τοῦ
374 690 491 759 ὕδατος
512 689 566 751 τὸν
594 690 672 772 ἀέρα
696 690 835 772 ε’ξῆφθαι
859 690 1007 770 καθάπερ
1030 690 1253 771 ε’ξατμισθέντα

132 794 192 879 (=
218 814 270 860 vv.
297 801 357 860 157
383 794 445 879 sq.)
472 846 477 857 .
504 846 509 857 .
535 845 540 858 .
565 797 600 858 ἐκ
626 796 661 859 δὲ
684 796 795 859 τούτου
819 796 872 858 τὸν
895 797 1006 875 αἰθέρα
1032 793 1089 880 (=
1108 815 1139 861 V.
1163 796 1251 881 154).

224 901 367 966 Achilles
392 902 502 967 eodem
528 902 631 983 modo,
656 903 714 967 sed
743 903 843 967 multo
867 901 998 968 brevius
1022 902 1252 968 elementorum

131 1008 280 1073 ordinem
313 1008 466 1075 describit
507 1029 576 1090 cap.
610 1014 631 1073 4
664 1008 709 1091 (p.
737 1015 797 1075 12ss
827 1008 972 1094 B.-C.).
1027 1009 1097 1073 Non
1129 1008 1251 1074 minimi

130 1115 288 1180 momenti
312 1120 362 1180 est
386 1118 460 1181 hoc:
485 1115 678 1182 Posidonius
702 1120 771 1181 toto
795 1115 850 1180 illo
874 1117 955 1196 loco,
978 1134 1071 1195 quem
1092 1115 1252 1182 Stobaeus

130 1222 290 1304 servavit,
320 1222 491 1305 Chrysippi
520 1222 716 1288 sententiam
748 1223 906 1304 exposuit.
958 1222 1106 1287 Eundem
1137 1223 1252 1288 laudat

130 1331 279 1395 Achilles
303 1351 373 1412 cap.
399 1336 420 1395 4
443 1330 504 1395 in!

485 1532 515 1591 4.
562 1527 609 1590 Εἰ
630 1529 783 1610 ἕστηκεν
806 1529 825 1610 ἡ
851 1534 904 1610 γῆ.

293 1634 393 1720 (Man.
418 1635 444 1714 I,
473 1639 654 1715 loa—201,
681 1632 798 1698 Achill.
824 1653 916 1715 capp.
941 1637 963 1698 4
987 1638 1021 1698 et
1045 1633 1090 1717 9.)

221 1759 377 1824 Versibus
422 1765 594 1824 168-172
636 1763 736 1840 poeta
775 1758 870 1823 docet
910 1762 1033 1822 terram
1074 1761 1251 1839 propterea

128 1865 325 1932 immobilem
353 1866 505 1947 pendere,
532 1864 607 1945 quia
638 1872 751 1947 partes
782 1864 851 1930 eius
878 1866 1019 1945 undique
1044 1864 1248 1946 cecidissent,

129 1973 239 2052 quoad
279 1972 312 2037 in
344 1971 482 2036 medium
520 1971 671 2037 mundum
705 1971 954 2038 concurrissent.
1010 1970 1101 2054 Quae
1132 1970 1250 2037 luisset

129 2099 231 2145 causa
261 2079 409 2158 cadendi,
439 2076 569 2143 omittit.
625 2079 673 2144 De
703 2079 767 2145 hac
798 2098 834 2143 re
861 2079 973 2144 Cicero
1004 2098 1063 2144 nos
1093 2079 1249 2144 certiores

128 2184 222 2266 facit,
262 2185 315 2265 qui
353 2184 483 2250 uberius
521 2204 615 2265 quam
648 2185 803 2250 Manilius
841 2187 881 2251 de
918 2186 1028 2251 mundi
1067 2190 1100 2251 et
1139 2191 1249 2251 terrae

126 2292 315 2358 stabilitate
345 2292 520 2357 secundum
544 2291 752 2358 Posidonium
782 2293 963 2359 haecdicit
988 2292 1043 2378 (de
1066 2299 1133 2358 nat.
1160 2294 1247 2359 deor.

126 2401 171 2481 Il,
199 2398 309 2483 115¹):
344 2399 472 2481 ,Omnes
502 2397 586 2464 enim
616 2405 730 2481 partes
760 2399 829 2465 eius
862 2399 920 2485 (sc.
949 2400 1074 2486 mundi)
1106 2399 1247 2481 undique

126 2507 267 2572 medium
294 2507 398 2572 locum
422 2511 632 2587 capessentes
656 2507 803 2571 nituntur
827 2506 1010 2586 aequaliter
1035 2558 1041 2570 .
1069 2556 1075 2570 .
1102 2558 1108 2571 .
1135 2557 1142 2570 .
1167 2506 1248 2590 Quo-

122 2614 222 2697 circa,
248 2613 275 2679 si
308 2614 445 2678 mundus
468 2615 620 2696 globosus
652 2619 704 2679 est
737 2615 776 2678 ob
810 2632 944 2693 eamque
975 2632 1104 2678 causam
1138 2633 1247 2679 omnes

123 2721 194 2787 eius
222 2725 334 2803 partes
364 2720 504 2800 undique
534 2720 722 2801 aequabiles
753 2721 845 2801 ipsae
878 2739 938 2802 per
965 2739 1000 2786 se
1032 2726 1131 2800 atque
1161 2719 1248 2786 inter

123 2848 160 2893 se
194 2827 411 2909 continentur,
447 2827 637 2910 contingere
670 2828 755 2892 idem
791 2832 902 2893 terrae
934 2846 1068 2893 necesse
1108 2834 1174 2910 est,
1212 2834 1248 2893 ut

124 2934 271 2999 omnibus
304 2935 373 3000 eius
405 2933 555 3016 partibus
588 2934 622 2999 in
655 2933 793 2999 medium
821 2934 1033 3017 vergentibus
1066 2934 1115 3019 (id
1139 2940 1248 3001 autem

123 3041 264 3107 medium
297 3041 438 3107 infimum
472 3041 504 3106 in
538 3043 679 3122 sphaera
711 3041 776 3125 est)
811 3041 891 3106 nihil
924 3040 1153 3123 interrumpat,
1185 3062 1247 3122 quo

123 3148 322 3214 labefactari
344 3148 448 3231 possit
478 3152 574 3213 tanta
599 3147 763 3213 contentio
787 3147 965 3230 gravitatis
990 3152 1024 3212 et
1047 3148 1245 3229 ponderum‘

213 3255 358 3321 Achilles
379 3275 448 3338 cap.
469 3261 490 3320 4
510 3257 740 3321 elementorum
761 3254 905 3319 ordinem
925 3254 1082 3335 exemplis
1101 3255 1247 3320 illustrat

126 3367 226 3443 atque
259 3363 321 3428 duo
359 3362 470 3444 affert,
506 3362 621 3443 quibus
655 3363 854 3442 declaretur,
895 3363 940 3424 ὅτι
979 3364 1107 3445 ἔστηκεν
1145 3365 1164 3445 ἡ
1195 3370 1245 3445 γῆ.

126 3469 313 3534 Manilianis
337 3488 461 3549 quoquo
486 3469 578 3533 modo
602 3468 720 3534 similia
744 3474 819 3534 sunt
842 3469 939 3533 haec:
960 3470 1025 3549 ,καὶ
1046 3470 1102 3552 τὴν
1126 3476 1185 3551 γῆν
1210 3470 1245 3533 δὲ

124 3578 328 3660 πανταχόθεν
351 3577 414 3640 ὑπὸ
437 3583 492 3640 τοῦ
512 3577 607 3657 ἀέρος
626 3576 821 3658 &Poppaeana
836 3575 1018 3658 ἰσορρόπως
1042 3577 1075 3638 ἐν
1093 3586 1138 3658 τῷ
1154 3578 1245 3658 μέσῳ

124 3683 199 3746 εἶναι
236 3683 291 3746 καὶ
327 3685 471 3746 ἑστάναιέ
533 3681 733 3764 Quamquam
770 3682 858 3747 haud
895 3682 1008 3764 ignoro
1045 3683 1096 3747 his
1135 3682 1244 3749 verbis

124 3788 292 3855 Posidonii
323 3789 501 3854 doctrinam
531 3809 593 3852 non
623 3795 775 3854 accurate
803 3807 990 3869 expressam
1019 3808 1101 3855 esse.
1149 3791 1244 3856 Hanc

124 3895 228 3977 ipsam
260 3895 405 3960 Achilles
439 3915 508 3976 cap.
544 3903 563 3960 9
596 3896 712 3960 tradit:
748 3896 838 3978 ,φασὶ
871 3896 906 3959 δὲ
938 3894 996 3980 (sc.
1030 3899 1061 3960 ot
1087 3897 1241 3981 Στωϊκοὶ)

123 4006 229 4084 μένειν
259 4003 313 4067 τὸν
344 4004 467 4085 κόσμον
499 4004 532 4066 ἓν
563 4003 683 4085 ἀπείρῳ
715 4011 801 4084 κενῷ
833 4003 885 4066 διὰ
914 4003 969 4086 τὴν
999 4004 1048 4066 ἐπὶ
1079 4003 1113 4067 τὸ
1142 4007 1243 4086 μέσον

125 4112 249 4194 φοράν.ι

215 4340 222 4369 ¹
243 4338 414 4404 Schwencke,
435 4355 495 4392 ann.
515 4337 680 4392 Fleckeisen.
701 4338 760 4403 119,
779 4354 804 4404 p.
826 4337 875 4389 135
895 4352 951 4403 sqq.
