2760 4852
1171 337 1216 405 51

100 535 197 600 vallis
222 537 383 604 distantes
407 560 534 622 semper
552 561 616 617 nna
636 541 783 607 oriuntur
802 548 836 607 et
856 543 1006 609 oeeidunt
1026 542 1083 628 (M.
1107 551 1220 609 398Ξ

103 642 141 705 Α.
168 650 232 708 534
255 646 329 731 sq).

193 752 338 818 Vidimus
366 755 533 820 Manilium
558 758 654 823 Arati
686 759 827 824 carmine
864 759 912 824 115
947 780 1036 826 usum
1072 781 1153 842 esse,
1188 766 1224 826 51

102 856 206 937 primo
235 862 430 927 verbotenus
457 862 526 928 fere
554 884 668 931 versus
697 865 765 931 eius
792 865 895 931 latine
918 866 1082 948 redderet,
1107 867 1223 932 deinde

103 964 208 1045 magis
232 967 400 1049 magisque
425 971 465 1034 ah
490 990 527 1035 eo
552 971 746 1055 diseederet,
767 979 930 1053 postremo
951 974 1095 1039 nonnisi
1119 994 1225 1055 55555

105 1075 139 1134 51
159 1070 279 1152 exigua
299 1073 368 1139 5155
387 1077 489 1141 verha
506 1077 688 1143 adhiberet.
737 1078 952 1158 Consequitur
971 1080 1074 1144 multa
1094 1080 1225 1146 aliunde

105 1177 204 1242 dueta
228 1198 309 1244 esse.
355 1183 394 1246 In
418 1202 500 1262 quae
525 1204 609 1249 5555
632 1184 802 1264 inquiram.

195 1286 275 1351 Ards
299 1309 432 1370 corpore
457 1297 549 1356 earet
573 1290 630 1376 (M.
653 1291 880 1357 285=Sohol
905 1293 998 1358 Aret.
1025 1293 1075 1358 ed.
1095 1295 1227 1358 Bekker
1265 1319 1281 1327 *-

105 1413 136 1472 p.
171 1399 211 1456 52
244 1395 265 1457 l.
301 1395 367 1480 36).
424 1397 501 1462 Cum
534 1398 669 1463 mundus
701 1408 857 1480 perpetuo
890 1400 924 1465 in
961 1402 1070 1465 orbem
1108 1405 1228 1482 agatur

107 1499 165 1582 (M.
192 1507 253 1565 287
286 1504 491 1581 sq--sehol
522 1505 543 1568 l.
575 1513 614 1570 27
647 1507 743 1590 sqq),
776 1505 846 1571 axis
875 1507 1048 1573 seeundum
1077 1512 1228 1572 naturam

108 1604 329 1688 incorpoream
371 1608 428 1693 (M.
468 1613 691 1677 neozsohol.
732 1613 752 1675 l.
791 1618 831 1676 38
871 1613 933 1696 sq.)
968 1611 1141 1677 immobilis
1176 1618 1227 1678 est

109 1713 167 1797 (M.
192 1722 256 1778 295
281 1718 488 1795 sq.=sehol.
513 1720 533 1783 l.
560 1725 601 1784 30
626 1736 684 1799 sq,
710 1725 750 1783 38
775 1717 850 1804 sq).

196 1821 286 1904 Lyra
317 1843 436 1888 555555
465 1824 613 1906 Orpheus
637 1825 737 1892 511555
768 1831 802 1890 51
829 1845 911 1890 saxa
935 1830 968 1890 et
992 1826 1114 1892 inferos
1142 1825 1230 1908 ipsos

109 1928 318 1994 commouisse
335 1930 455 1995 dieitur
470 1930 571 2017 (Man.
589 1938 651 2005 325
666 1952 736 2012 sqq.
747 1932 1027 1998 :Eratosthenis
1044 1932 1233 1999 eatasteris·

109 2055 230 2100 morum
254 2036 414 2116 reliquiae
433 2038 483 2102 ed.
508 2039 634 2105 Robert
656 2059 687 2120 p.
716 2044 775 2103 133
801 2040 830 2103 Α
854 2040 875 2104 l.
900 2043 940 2103 14
963 2038 1058 2125 sqq).

199 2143 378 2209 Seeumhnu
408 2146 651 2212 catasterismos
680 2147 725 2233 (p.
756 2147 834 2232 142)
868 2147 1017 2229 Iuppiter
1046 2147 1079 2211 15
1113 2146 1232 2211 olorem

111 2272 285 2316 conversus
324 2252 485 2317 Nemesim
525 2253 673 2335 violavit,
715 2259 749 2319 et
791 2254 874 2319 sieut
917 2254 996 2319 deus
1038 2253 1071 2318 in
1109 2254 1232 2319 eaelum

109 2358 282 2440 revolavit,
307 2359 378 2425 auis
402 2360 469 2442 illa,
491 2360 581 2426 55155
600 2360 734 2426 formam
759 2360 921 2443 induerat,
946 2360 1094 2442 expassis
1118 2359 1233 2441 pennis

109 2467 143 2531 iu
168 2466 273 2531 stellis
297 2467 405 2547 posita
430 2472 489 2533 est.
538 2468 658 2534 Contra
681 2467 834 2532 Manilius
859 2489 889 2533 v.
916 2474 995 2532 337:

220 2574 384 2655 ,Proxima
408 2594 478 2640 sors
502 2575 615 2658 Cygni,
640 2593 733 2654 quem
758 2575 849 2638 eaelo
872 2573 1020 2655 Iuppiter
1044 2573 1114 2655 ipse

217 2683 383 2763 Imposuit,
409 2682 531 2747 formae
555 2682 705 2764 pretium,
731 2700 795 2761 qua
819 2680 907 2762 oepit
930 2686 1103 2760 aiuantem,

218 2789 295 2853 Cum
320 2789 456 2853 eleusin
480 2789 608 2857 niveum
634 2787 802 2854 deseendit
825 2806 939 2852 versus
964 2787 1084 2851 olorem

221 2897 392 2978 Tergaque
417 2895 531 2961 fidenti
555 2893 693 2961 suhieeit
716 2895 845 2976 plumea
868 2893 1001 2958 1155155.ι

110 3003 259 3067 Eandem
283 3003 427 3068 fabulam
450 3002 663 3068 Germanicus
687 3000 820 3066 Arateis
844 2999 982 3065 inseruit
1005 3020 1036 3067 5.
1063 3006 1139 3064 nlo:

327 3111 448 3191 ,Ledae
474 3109 629 3175 thalamis
653 3109 707 3190 qui
730 3107 875 3189 inlapsus
900 3107 1030 3172 adulter

218 3217 324 3282 Furta
346 3217 434 3284 15515
458 3216 542 3282 falsa
565 3217 697 3282 volucer
721 3217 779 3280 suh
803 3213 945 3297 imagine
968 3213 1071 3279 15511.ι

111 3324 257 3402 Uterque
280 3330 379 3404 poeta
397 3322 550 3390 breuiora
569 3343 672 3403 neque
692 3329 759 3387 tam
780 3327 896 3403 aperta
916 3321 959 3386 ad
978 3319 1233 3402 intellegendum

111 3430 226 3495 eadem
247 3430 359 3511 tradit,
380 3449 463 3510 quae
483 3430 632 3513 Hyginus
653 3434 731 3495 astr.
752 3428 794 3511 ll,
816 3436 835 3493 8
857 3427 921 3513 (ed.
942 3429 1048 3493 Bunte
1064 3447 1094 3508 p.
1113 3431 1153 3491 44
1170 3427 1232 3511 sq.)

112 3538 156 3602 ad
186 3538 348 3602 Nemesim
371 3537 488 3602 refert:
515 3537 594 3619 ,ipse
618 3537 652 3601 iu
681 3537 798 3602 olorem
831 3554 1005 3602 conversus
1034 3538 1070 3599 ut
1094 3532 1233 3613 aquilam

111 3643 240 3726 fugiens
265 3645 308 3708 ad
326 3643 488 3708 Nemesim
508 3643 653 3727 confugit
672 3648 706 3708 et
729 3643 762 3708 in
783 3643 851 3708 eius
871 3641 993 3725 gremio
1009 3661 1044 3707 se
1060 3639 1234 3707 oolloeavit

112 3756 186 3817 515.ι
234 3752 325 3818 Nune
358 3751 514 3833 videmus
549 3750 625 3831 quid
657 3749 783 3815 Manilii
816 3769 847 3816 5.
874 3741 1061 3830 adorent,
1092 3747 1145 3826 qui
1175 3766 1234 3828 per

112 3880 149 3924 55
181 3879 243 3923 555
275 3865 364 3923 reete
397 3857 609 3940 intellegitur.
665 3855 727 3941 (ef.
760 3856 871 3921 Iaeobi
904 3876 978 3921 ann.
1012 3855 1054 3920 ad
1087 3873 1118 3920 v.
1152 3859 1232 3918 340:

113 3966 274 4048 ,Ceterum
325 3965 448 4031 Ledam
501 3970 593 4047 tergo
644 3969 772 4029 vertam
822 3981 978 4042 nusquam
1026 3981 1077 4026 me
1122 3962 1234 4042 legere

113 4071 350 4157 oommemini‘).
396 4072 543 4154 luppiter
566 4071 678 4136 Ledae
702 4077 797 4153 terga
820 4068 967 4149 subiecit,
992 4074 1029 4133 ut
1051 4066 1233 4148 perfugium

113 4181 155 4243 ah
181 4199 220 4243 ea
238 4185 352 4260 petere
371 4178 549 4260 videretur,
575 4197 646 4258 non,
667 4182 703 4242 ut
722 4196 792 4242 eam
813 4180 970 4257 portaret.
1018 4176 1127 4254 Atque
1150 4193 1234 4238 nuno

113 4285 343 4367 intellegimus,
374 4306 429 4351 our
457 4284 669 4352 Germanicus
699 4285 737 4348 de
768 4282 863 4348 furtis
892 4282 980 4349 15515
1011 4287 1045 4346 51
1076 4281 1116 4347 de
1148 4278 1233 4344 falsa
