2760 4852
148 1604 328 1700 Posidonii
356 1634 467 1715 libros,
492 1633 546 1714 qui
573 1636 654 1717 ,περὶ
681 1637 865 1717 μετεώρωνί
893 1636 1042 1718 inscripti
1071 1643 1176 1718 erant,

58 1741 229 1807 Prisciano
244 1741 335 1823 Lydo
354 1752 487 1806 auctore
502 1740 656 1806 Geminus
672 1741 864 1823 excerpsit¹.
890 1743 1018 1809 Gemini
1036 1743 1177 1825 epitome

57 1870 77 1913 a
92 1848 304 1930 compilatore
320 1849 458 1929 quodam
473 1852 643 1930 amputata
659 1848 692 1914 in
706 1851 790 1914 hanc
806 1854 950 1915 aetatem
965 1847 1176 1932 permansit2,

57 1959 158 2034 atque
178 1973 218 2018 ex
241 1953 282 2018 iis
301 1953 460 2036 partibus,
481 1973 564 2033 quae
588 1974 608 2018 a
632 1954 751 2020 ceteris
771 1954 952 2021 disiunctae
971 1955 1177 2037 interierunt,

57 2060 242 2141 Simplicius
272 2061 360 2125 haud
390 2063 490 2128 breve
519 2065 618 2142 caput
648 2057 824 2128 servavitt
875 2062 983 2143 Ipsum
1012 2061 1179 2127 Posidonii

57 2187 139 2250 opus
163 2188 183 2233 a
206 2167 353 2250 Diogene
377 2167 511 2233 Laertio
536 2169 659 2234 dnobus
682 2168 761 2234 locis
785 2166 968 2234 laudatur4.

148 2275 240 2340 Haec
263 2273 332 2340 iere
356 2275 396 2339 de
420 2274 511 2339 libris
529 2272 595 2339 illis
614 2275 873 2357 meteorologicis
898 2280 1059 2341 constant.
1096 2276 1179 2341 Non-

57 2383 149 2446 nulla
163 2385 338 2462 praeterea
357 2402 410 2449 vv.
432 2381 484 2446 dd.
506 2382 546 2446 de
565 2381 606 2446 iis
626 2381 766 2448 divinati
785 2388 869 2464 sunt,
890 2402 973 2463 qliae
992 2385 1053 2448 hoc
1068 2383 1178 2448 libello

57 2487 199 2567 firmare,
224 2487 433 2570 amplificare,
460 2486 624 2570 corrigere
648 2486 848 2569 propositum
871 2486 949 2552 mihi
973 2491 1033 2552 est.
1099 2527 1101 2530 .

605 2796 635 2866 Ι.

351 2967 412 3033 De
436 2965 610 3034 Manilio
635 2969 676 3036 et
700 2965 890 3036 Gemino.

150 3127 292 3194 Dielsius
318 3130 401 3194 Mus.
430 3130 493 3194 er.
521 3129 668 3195 XXXIV
695 3151 726 3212 p.
750 3121 815 3195 loo
846 3129 1009 3211 praedicit
1036 3131 1178 3196 laborem

57 3235 148 3300 haud
175 3234 304 3300 inanem
333 3239 556 3316 suscepturum
586 3255 657 3301 esse
688 3256 768 3318 eum,
794 3235 849 3316 qui
878 3235 1033 3317 inquirat,
1058 3241 1178 3316 quanto

57 3361 159 3423 opere
186 3341 340 3406 Manilius
369 3348 468 3424 poeta
495 3343 662 3409 Posidonii
692 3343 873 3409 doctrinam
902 3343 936 3408 in
964 3362 1055 3409 suum
1088 3362 1177 3408 nsum

57 3448 270 3514 converterit.

152 3553 328 3622 Enimvero
369 3555 479 3621 multis
520 3556 599 3622 locis
641 3556 793 3622 carminis
834 3554 1057 3639 astronomici,
1095 3557 1179 3636 quod

58 3663 278 3743 composuisse
310 3661 430 3746 fertur,
463 3663 577 3728 eadem
615 3656 733 3746 tradit,
768 3683 851 3744 quae
889 3663 976 3745 apud
1008 3663 1178 3730 Geminum

151 3875 159 3902 ¹
177 3873 264 3940 Blass,
284 3875 317 3928 de
336 3873 448 3927 Gemino
468 3878 494 3928 et
513 3874 665 3941 Posidonio,
685 3874 775 3928 Kiliae
795 3876 872 3940 1883,
891 3891 916 3942 p.
936 3876 952 3927 3
970 3875 1015 3928 fin.

151 3961 247 4016 ²Na1n
273 3962 379 4016 Gemini
405 3965 554 4032 ,Εἶσαγωγὴ
580 3964 617 4022 εἰς
642 3963 673 4016 τὰ
699 3966 853 4031 φαινόμενοιί
877 3961 944 4016 nihil
970 3962 1043 4016 aliud
1062 3968 1104 4016 est
1126 3962 1178 4016 nisi

58 4050 234 4105 Posidoniani
251 4051 313 4105 libri
332 4052 456 4119 epitome,
476 4053 546 4119 quod
564 4053 684 4106 Blassius
703 4051 823 4105 ostendit
840 4051 857 4104 l.
877 4051 894 4104 l.
913 4069 938 4118 p.
958 4054 982 4104 9.

151 4140 161 4170 ³
177 4141 221 4194 Ad
238 4139 395 4194 Aristotelis
413 4142 529 4208 Physica
547 4159 572 4210 p.
592 4143 653 4208 291,
672 4144 707 4195 34
725 4141 767 4195 ed.
787 4141 873 4208 Diels3
893 4157 918 4194 v.
936 4140 1015 4194 Blass
1033 4140 1051 4194 l.
1070 4140 1088 4194 l.
1107 4157 1132 4208 p.
1152 4143 1177 4195 3.

149 4231 160 4261 ⁴
180 4230 240 4295 VH,
261 4229 311 4281 135
331 4235 359 4283 et
379 4231 436 4284 144.
465 4232 498 4285 V.
514 4231 596 4296 Bake,
615 4229 752 4284 Posidonii
767 4229 865 4282 Rhodii
882 4228 1013 4296 reliquiae
1031 4228 1177 4294 doctrinae,

57 4320 147 4389 Lugd.
164 4320 227 4373 Bat.
247 4320 324 4383 1810,
342 4335 368 4386 p.
386 4321 446 4373 242.
