2760 4852
148 361 195 428 18

143 567 337 648 tellegcbat,
362 564 432 632 sive
456 567 541 646 quod
570 566 755 632 difficiliora
778 565 927 631 versibus
954 566 1107 646 persequi
1130 565 1269 630 nolebat

144 711 184 718 -
227 672 425 754 simpliciora
471 673 625 755 tradidit,
667 693 739 738 cum
785 672 896 754 inepte
943 671 1153 737 defectum
1201 690 1268 738 non

142 780 317 844 omitteret.

229 886 373 951 Achilles
408 887 517 952 mundi
554 887 691 969 liguram
725 892 851 952 tractat
884 906 954 967 cap.
988 892 1017 951 6.
1073 885 1267 952 Manilianis

141 992 261 1058 similia
284 1013 347 1058 non
371 994 507 1075 profert,
532 996 590 1059 sed
614 1014 684 1059 cum
704 994 868 1060 Ciceronis
887 993 1007 1074 verbis,
1032 1012 1116 1073 quae
1139 993 1268 1076 pagina

140 1101 287 1180 proxima
306 1101 450 1182 laudavi,
471 1102 583 1167 confer
597 1104 693 1184 haec3
712 1102 771 1176 ,ἐπ’
789 1102 919 1171 οὐδενὸς
933 1102 968 1164 δὲ
984 1102 1081 1164 ἄλλον
1099 1103 1268 1184 σχήματος

140 1209 158 1288 ἡ
182 1208 307 1285 τοιαύτη
327 1209 451 1280 εὐταξία
476 1210 530 1271 καὶ
553 1208 714 1291 περιφορὰ
739 1210 852 1289 γίνεται
876 1211 896 1289 ἢ
920 1208 971 1270 ἐπὶ
993 1213 1049 1269 τοῦ
1069 1214 1268 1288 σφοιρικοῦ.ί

495 1410 525 1469 6.
572 1405 673 1487 Περὶ
696 1407 907 1487 οἰκήσεων.

352 1510 454 1594 (Man.
478 1512 505 1593 I,
530 1517 715 1580 236-246.
740 1511 857 1576 Achill.
882 1529 953 1592 cap.
978 1510 1046 1595 30.)

227 1637 421 1703 Posidonius
457 1642 613 1716 quattuor
654 1657 807 1702 zonarum
850 1640 1105 1718 temperaturum
1146 1642 1268 1716 partes

137 1743 306 1809 habitat-as
330 1763 402 1810 esse
427 1745 576 1825 docebat,
601 1744 737 1825 primam
767 1746 824 1827 τὴν
847 1745 925 1808 καθ’
948 1745 1035 1826 ἡμᾶς
1057 1745 1268 1826 οἰκουμένην,

136 1849 275 1914 alteram
312 1853 370 1934 τὴν
405 1858 471 1915 τῶν
505 1853 691 1933 περιοίκων,
728 1851 861 1916 tertiam
900 1851 955 1933 τὴν
988 1855 1055 1913 τῶν
1093 1850 1266 1926 ἀντοίκων,

137 1963 289 2036 quartam
321 1959 377 2041 τὴν
408 1964 473 2022 τῶν
506 1957 715 2022 ἀντιπόδωνῑ.
770 1958 924 2023 Manilius
954 1995 997 2003 -
1028 1961 1187 2036 quantum
1224 1977 1267 2024 ex

136 2082 190 2128 vv.
222 2070 397 2129 236—246
431 2065 540 2147 colligi
571 2070 683 2147 potest
705 2103 748 2111 -—
772 2085 835 2130 non
873 2065 936 2130 nisi
969 2064 1052 2129 duas
1089 2065 1266 2146 cognovit:

138 2171 276 2235 alteram
300 2179 455 2253 nostram,
479 2173 618 2237 alterurn
642 2171 842 2254 antipodum.
882 2172 947 2237 Sed
971 2172 1000 2238 si
1022 2172 1049 2252 I,
1070 2177 1133 2237 379
1157 2192 1267 2238 zonae

138 2277 294 2343 aust-ralis
317 2298 420 2361 regna
443 2286 673 2345 commemorat

244 2427 249 2430 -
305 2384 519 2465 ‚Communem
543 2405 585 2450 ex
607 2406 670 2451 uno
694 2387 801 2451 lumen
826 2385 979 2451 ducentia
1002 2387 1091 2466 sole‚‘

136 2509 198 2554 non
225 2491 347 2576 dubito,
373 2491 447 2571 quin
474 2493 602 2558 antoeci
632 2492 847 2574 intellegendi
871 2492 947 2556 sint.
994 2493 1057 2558 Cur
1079 2497 1181 2574 poeta
1205 2493 1265 2561 illo

136 2599 208 2662 loco
237 2598 444 2664 Posidonium
477 2619 568 2665 suum
602 2599 794 2681 deseruerit,
824 2599 947 2682 nesci03
980 2599 1039 2664 sed
1071 2599 1184 2665 dubito
1220 2621 1266 2667 an

137 2705 268 2770 aliunde
300 2707 385 2771 hanc
419 2707 600 2772 doctrinam
633 2726 800 2773 arcessere
837 2727 902 2773 non
935 2707 1089 2788 potuerit.
1144 2707 1266 2776 Potius

138 2830 264 2890 vereor,
288 2831 329 2876 ne
360 2818 478 2893 poetae
511 2820 568 2878 aut
596 2813 839 2896 neglegentiam
871 2820 930 2879 aut
958 2833 1099 2879 errorem
1130 2814 1266 2882 obicere

138 2918 312 2982 debeamus
336 2955 379 2963 —
403 2917 466 2983 nisi
489 2918 573 2984 forte
595 2939 711 2985 versus
738 2921 786 2985 illi
809 2921 950 3003 pessime
974 2920 1149 3003 depravati
1172 2929 1265 2990 sunt.

228 3025 319 3107 Quae
339 3027 484 3092 Achilles
508 3047 579 3109 cap.
601 3034 641 3094 30
664 3035 790 3111 narrat,
816 3029 885 3094 sine
911 3029 1006 3094 dubio
1030 3048 1071 3094 ex
1091 3029 1267 3098 Posidonii

137 3132 229 3197 libris
252 3132 426 3214 fluxerunt,
452 3135 509 3199 sed
533 3140 622 3200 totus
645 3136 698 3202 hic
722 3137 811 3201 locus
836 3139 1026 3217 comprobat
1044 3156 1155 3202 verum
1176 3156 1266 3222 esse,

138 3239 222 3318 quod
239 3246 354 3304 auctor
375 3240 486 3305 ultimo
506 3241 615 3322 capite
635 3242 819 3322 insequenti
836 3243 930 3308 dicit:
950 3244 1030 3325 „arpi
1049 3244 1085 3307 δὲ
1100 3246 1265 3327 οἰκήσεων

136 3345 229 3406 πάλιν
247 3346 301 3407 καὶ
315 3351 380 3407 τῶν
399 3347 609 3409 ἐνοικούντων
628 3349 682 3410 καὶ
701 3349 870 3430 ὀνομάτων
890 3351 999 3429 γέγονε
1017 3350 1116 3431 πολλὴ
1135 3353 1265 3435 ταραχὴ

137 3452 191 3513 καὶ
213 3452 284 3532 περὶ
308 3453 509 3534 ἀντιχθόνων
532 3454 585 3515 καὶ
609 3455 805 3519 ἀντιπόδων.ί

162 3653 190 3710 7.
236 3646 337 3728 Περὶ
360 3655 437 3711 τῶν
460 3655 847 3733 καιηστερισμένων
871 3653 1034 3726 ζωὸίων
1057 3653 1242 3737 καὶπερὶ

618 3759 773 3831 ἄξονος

174 3856 276 3941 (llan.
299 3860 325 3942 Ι,
351 3868 536 3943 aot—538,
561 3864 678 3929 Achill.
703 3885 797 3947 capp.
826 3872 970 3947 ill—143
997 3872 1035 3932 21
1062 3866 1131 3949 lin.;
1157 3869 1229 3953 28.)

229 3981 312 4065 Quid
336 3986 490 4053 llanilius
520 4008 540 4052 a
565 3989 738 4054 Posidonio
762 3990 952 4072 sumpserit,
978 4011 1078 4072 supra
1101 3992 1233 4058 ostendi
1243 3995 1266 4061 ¹.

139 4091 243 4153 Arent
267 4091 424 4156 describit
446 4095 622 4160 secundum
645 4099 782 4161 Aratum
792 4094 814 4159 2.

188 4198 361 4282 TGffl
382 4247 437 4298 cap.
459 4234 505 4287 13:
526 4234 652 4287 Cleomcd
671 4253 696 4302 p.
715 4238 749 4288 22
768 4237 797 4288 Z.

230 4320 282 4385 2'n·
302 4322 319 4370 5
338 4336 393 4386 sm-

229 4408 240 4438 ³
258 4409 315 4463 Hoc
334 4411 472 4464 ostendam
490 4429 515 4479 p.
535 4416 569 4464 47
589 4430 627 4479 sq.
