2760 4852
124 91 336 173 ‚Posidonius
381 97 414 156 et
460 94 531 173 περὶ
575 97 749 177 μετεώρων
795 114 874 175 opus
921 95 1121 175 condiderat,
1159 97 1249 161 cuius

121 198 306 280 septimns¹
330 199 413 264 liber
436 199 571 265 affertur
594 201 704 285 (Diog.
718 203 828 266 Laert.
846 203 915 283 Vll,
933 201 1009 285 144)
1034 208 1068 266 et
1089 228 1247 285 μετεωρο-

122 307 260 389 λογικὴν
283 309 474 389 στοιχείωσιν
498 306 589 390 (ibid.
619 310 706 392 138),
738 328 821 388 quae
854 328 915 373 rino
948 309 1030 374 libro
1064 309 1248 375 constitisse

127 413 283 479 uidetur}
330 411 545 495 Quamobrem
569 421 692 480 rectam
717 415 803 482 viam
819 436 849 482 v.
866 416 896 480 d.
921 415 1084 481 invenisse
1108 416 1248 502 videtur,

130 540 202 584 curn
228 518 307 585 dicit
331 520 352 584 l.
377 521 397 585 l.
423 541 453 602 p.
478 528 530 586 12:
557 522 692 602 ,Eadem
717 528 836 604 autem,
862 542 944 601 qnae
968 522 1000 586 in
1024 524 1086 587 hac
1109 523 1249 604 brevius,

130 627 165 692 in
198 627 319 692 maiore
352 647 450 708 opere
473 628 666 694 Posidonius
701 629 802 694 fusius
834 634 1057 710 pertractasse
1086 631 1249 711 putandus

133 739 202 799 est?
264 734 422 799 Fortasse
464 734 674 817 philosophus
717 738 896 818 complures
932 736 1032 801 libros
1074 738 1116 802 ad
1153 757 1249 802 nnnnr

134 841 260 924 redegit
280 861 317 906 eo
337 841 480 923 consilio,
501 848 537 906 ut
551 842 697 908 intimam
717 864 823 908 rerum
843 843 1048 925 physicarum
1069 844 1248 909 doctrinam

135 949 287 1014 omittens
325 949 367 1012 ad
408 949 608 1015 indoctorum
655 956 794 1015 mentem
841 970 920 1032 opns
966 950 1248 1033 meteorologieum

136 1056 402 1122 accommodaret.
439 1055 486 1122 Cf.
502 1057 598 1139 Diog.
615 1057 727 1122 Laert.
743 1058 785 1139 X,
803 1065 854 1139 37,
869 1077 962 1137 qrrern
984 1048 1086 1122 locum
1104 1057 1250 1122 Blassius

135 1164 154 1227 l.
177 1164 198 1227 l.
223 1183 255 1244 p.
284 1169 323 1227 12
346 1162 478 1227 laudat:
505 1215 530 1246 ‚.
557 1215 563 1228 .
590 1214 596 1228 .
622 1165 769 1248 ἐπιτομὴν
787 1165 839 1228 καὶ
863 1167 1055 1248 στοιχείωσιν
1079 1171 1143 1228 τῶν
1168 1165 1253 1229 ὅλων

137 1271 259 1344 ὁοξῶνέ
306 1270 429 1335 Nomen
453 1272 585 1336 verbale
614 1273 804 1355 στοιχείωσις
832 1270 1015 1337 derivatum
1044 1278 1095 1337 est
1123 1291 1245 1337 avoce

136 1378 303 1459 σιοιχειόω,
329 1395 410 1456 qnae
434 1375 599 1458 significat
626 1377 698 1462 „die
721 1379 891 1443 Elementa
915 1378 1059 1443 lehren“.

222 1481 313 1565 Quae
346 1483 373 1549 si
406 1490 495 1549 recte
528 1504 600 1550 sese
632 1486 769 1567 habent,
801 1486 898 1567 paulo
931 1485 1134 1550 immutanda
1168 1490 1253 1567 sunt,

137 1610 216 1670 quae
246 1610 278 1671 p.
304 1595 345 1655 24
379 1592 418 1656 de
448 1590 623 1656 Posidonio
652 1591 777 1656 Manilii
810 1596 844 1656 et
874 1591 1010 1656 Diodori
1040 1591 1253 1656 Alexandrini

138 1703 267 1762 anctore
301 1697 378 1762 dixi.
428 1698 569 1763 Dubium
602 1719 664 1764 non
699 1704 758 1780 est,
793 1700 867 1779 quin
901 1718 954 1764 res
982 1698 1254 1781 meteorologicae

139 1807 176 1870 ab
207 1804 247 1870 iis
275 1805 434 1887 prolatae,
460 1809 618 1884 quotquot
647 1807 689 1869 ad
712 1805 919 1870 Posidonium
948 1805 1140 1870 referendae
1169 1813 1253 1888 sunt,

138 1912 167 1977 in
206 1911 298 1977 libris
340 1911 409 1976 eius
449 1914 519 1996 περὶ
555 1915 730 1995 μετεώρων
767 1912 907 1979 inveniri
947 1913 1122 1994 potuerint.
1189 1913 1253 1978 Sed

140 2026 240 2085 utrum
265 2019 365 2084 libros
389 2019 554 2101 pleniores
586 2039 627 2084 an
651 2020 801 2086 volumen
825 2020 955 2086 brevius
979 2020 1187 2085 adhibuerint
1211 2060 1253 2066 —

139 2127 195 2193 hoc
219 2132 308 2192 certe
332 2131 480 2191 statuere
498 2146 562 2192 non
587 2146 764 2208 possumus.
801 2127 1001 2208 Quamquam
1025 2126 1101 2190 mihi
1126 2126 1253 2205 paridem

140 2233 312 2299 verisimile
332 2233 462 2300 videtur
481 2241 611 2315 po'e'tam
636 2236 833 2317 στοιχείωσινΙ
847 2232 1039 2315 inspexisse,
1061 2233 1179 2315 quippe
1204 2233 1255 2299 cui

140 2361 188 2406 res
213 2340 411 2407 difficiliores
436 2361 598 2422 exponere
622 2361 683 2406 non
708 2341 833 2406 liceret.

224 2449 316 2513 Nunc
340 2447 544 2513 conferamus
563 2449 773 2515 Aristotelem
798 2454 1005 2530 personatum
1030 2468 1101 2514 cum
1119 2448 1254 2514 Manilio

142 2563 171 2621 et
190 2554 326 2636 Achille,
352 2561 388 2620 ut
406 2556 468 2620 hac
492 2555 620 2620 ratione
644 2556 821 2637 firmentur,
843 2575 925 2635 quae
944 2556 1091 2621 Zellcrns
1113 2557 1153 2620 de
1172 2556 1253 2621 libro

142 2663 217 2744 ,περὶ
239 2663 376 2744 κόσμου(
400 2660 547 2726 coniecit.

226 2768 342 2850 Capite
380 2773 396 2832 l
434 2774 547 2834 auctor
581 2769 884 2849 contemplationem
919 2769 1044 2852 mnndi,
1078 2788 1139 2850 qno
1174 2769 1255 2834 nihil

141 2876 311 2963 pulchrius
336 2876 417 2941 nihil
440 2876 699 2959 magnificentius
722 2875 776 2957 sit,
806 2876 937 2942 summis
969 2877 1120 2942 laudibus
1151 2877 1263 2953 effert..

142 2985 189 3048 Ad
212 2990 339 3049 tantam
363 3003 431 3049 rem
455 3004 550 3048 tunam
575 2983 715 3048 animam
740 2985 897 3049 accedere
921 3002 1031 3065 posse:
1056 2986 1173 3067 ,ἐπειδὴ
1194 2985 1254 3067 γὰρ

144 3094 198 3174 οὐχ
237 3092 305 3154 οἶόν
343 3116 373 3154 τε
412 3091 450 3174 ἦν
487 3101 533 3173 τῷ
569 3092 690 3172 σώματι
731 3093 773 3161 εἰς
806 3091 860 3153 τὸν
898 3093 1047 3172 οὐράνιον
1080 3093 1255 3174 ἀφικέσθαι

143 3199 235 3262 τόπον
260 3248 265 3260 .
292 3248 297 3260 .
324 3244 348 3270 .,
373 3199 392 3279 ἡ
425 3204 500 3279 γοῦν
528 3197 616 3279 ψυχὴ
643 3197 693 3259 διὰ
724 3197 922 3280 φιλοσοφίας,
945 3198 1088 3280 λαβοῦσα
1112 3199 1254 3281 ἡγεμόνα

143 3305 192 3367 τὸν
219 3311 307 3378 νοῦν,
336 3306 517 3387 ἐπεραιώθη
550 3305 602 3366 καὶ
634 3305 827 3386 ε’ξεόήμησεν
854 3305 1049 3368 ἀκοκίασιόν
1081 3330 1145 3367 τινα
1178 3304 1256 3368 ὁδὸν

144 3413 276 3494 εὑροῦσα
302 3462 308 3474 ,
334 3463 339 3474 .
365 3413 545 3494 ..ῥᾳδίως
583 3411 670 3494 οἶμαι
707 3411 743 3473 τὰ
781 3421 955 3495 συγγενῆ
990 3413 1168 3496 γνωρίσασα
1203 3415 1257 3476 καὶ

145 3519 233 3601 θείῳ
256 3526 365 3601 ψυχῆς
384 3520 523 3600 ὄμματι
545 3518 581 3580 τὰ
601 3519 686 3581 θεῖα
710 3519 975 3600 καταλαβοῦσα
998 3570 1004 3582 .
1025 3570 1031 3581 ,
1052 3530 1069 3584 .‘
1109 3520 1255 3584 Eandem

145 3623 208 3691 fere
232 3625 426 3690 sententiam
452 3625 537 3705 apud
557 3624 716 3690 Achillem
736 3643 861 3705 quoqne
882 3625 1039 3707 scriptam
1064 3646 1135 3693 esse
1158 3646 1257 3709 supra

147 3767 349 3779 Q...—

231 3856 337 3926 1Βίας.
357 3857 447 3909 Laert.
469 3856 509 3909 ed.
528 3856 667 3909 Meibom.:
688 3858 732 3917 14⁴!
