2760 4852
188 343 235 411 32

275 548 367 631 Quae
391 566 567 629 anonymus
591 546 631 611 de
656 545 823 611 duodecim
847 545 954 611 ventis
979 544 1068 628 dicit,
1094 544 1310 610 ePosidonio

187 659 316 737 sumpta
339 659 429 735 sunt,
454 674 527 718 nam
553 652 797 718 eademeadem
822 652 892 717 fere
912 653 1024 717 ordine
1048 656 1164 719 narrat
1182 651 1311 718 Seneca

187 766 254 826 nat.
279 781 330 841 qu.
356 762 394 842 V,
423 767 472 842 16,
498 760 552 840 qui
575 761 665 825 locus
689 760 862 825 secundum
887 757 1088 826 Kaibelium¹
1114 759 1310 841 philosopho

187 867 378 932 tribuendus
412 872 472 932 est.
519 868 614 948 Apud
643 866 797 932 Senecam
828 873 1007 947 sequuntur
1040 887 1110 948 cap.
1147 875 1184 932 17
1216 866 1310 930 venti

186 973 380 1056 peculiares,
405 993 484 1053 quos
507 971 805 1040 Pseudaristoteles
830 975 961 1056 omittit,
985 975 1131 1040 Achilles
1160 973 1311 1040 breviter

188 1081 305 1164 tangit.
338 1080 559 1146 -Extremo
593 1082 654 1147 hoc
687 1081 795 1163 capite
826 1081 971 1147 Achilles
1005 1087 1158 1162 quattuor
1190 1085 1310 1146 ventos

187 1188 385 1270 principales
409 1194 647 1270 commemorat,
672 1189 821 1269 quisunt
844 1191 1034 1273 ἀπηλιώτης,
1057 1190 1185 1271 βορέας,
1208 1188 1310 1260 νότος,

189 1298 336 1379 ζέφυρος.
375 1295 466 1359 Haec
481 1294 523 1359 ad
543 1295 658 1361 librum
677 1298 749 1380 περὶ
763 1298 887 1379 κόσμου
906 1316 968 1362 non
985 1314 1117 1378 prorsus
1133 1294 1310 1376 quadrant,

188 1421 263 1466 nam
283 1401 456 1467 secundum
476 1420 678 1484 anonymum,
698 1403 751 1482 qui
773 1409 807 1468 et
830 1405 888 1469 hos
907 1408 1022 1471 ventos
1046 1407 1080 1466 et
1098 1401 1190 1467 binos
1209 1400 1310 1465 inter·

189 1509 312 1590 positos
343 1512 490 1574 tractatu
520 1508 576 1573 illo
606 1509 711 1575 medio
742 1515 921 1591 enumerat,
950 1508 1228 1590 septemtrionalis
1258 1511 1312 1572 est

189 1617 371 1697 ἀπαρκτίας,
402 1634 466 1680 non
495 1617 624 1698 βορέας.
677 1616 792 1682 Utrum
817 1617 962 1682 Achilles
993 1615 1126 1681 consilio
1157 1635 1199 1679 an
1230 1633 1311 1680 casu

189 1724 274 1788 hanc
296 1722 529 1788 Aristoteleam
553 1728 723 1789 ventorum
748 1723 1006 1807 designationem
1032 1722 1227 1803 adhibuerit,
1248 1723 1313 1785 hoc

190 1829 374 1894 discernere
398 1848 461 1894 non
485 1848 623 1910 possum.

278 1936 405 2017 Ignium
436 1935 598 2001 aeriorum
629 1937 690 2002 duo
721 1956 844 2019 genera
875 1943 962 2003 sunt:
996 1938 1040 2019 ,τὰ
1071 1939 1131 2019 μέν
1154 1937 1215 2000 ἐστι
1238 1934 1310 1998 κατ’

190 2046 347 2126 ἔμφασιν,
373 2043 464 2107 velut
488 2062 582 2108 arcus
606 2043 759 2109 caelestis
783 2043 921 2128 (Pa-Ar.
948 2049 1009 2109 395
1036 2063 1056 2108 a
1076 2046 1183 2109 32-b
1201 2042 1235 2129 3)
1263 2045 1311 2125 ,τὰ

191 2150 225 2213 δὲ
256 2151 333 2213 καθ’
364 2151 542 2215 dadoraow‘
572 2152 664 2216 velut
694 2156 840 2216 cometae
871 2150 1009 2237 (Pa-Ar.
1042 2158 1104 2216 395
1129 2151 1149 2215 b
1174 2150 1312 2235 3—17).

190 2256 336 2321 Achilles
360 2277 430 2338 cap.
453 2261 495 2320 34
517 2258 600 2322 hanc
620 2256 833 2323 differentiam
858 2278 922 2324 non
947 2265 1054 2341 curat,
1080 2263 1188 2322 tamen
1213 2257 1314 2323 iuter-

192 2363 266 2428 dum
286 2382 356 2428 cum
376 2383 534 2446 anonymo
553 2363 804 2429 Posidonianum
828 2365 972 2431 ordinem
997 2385 1146 2433 servasse
1169 2364 1313 2431 videtur.

191 2469 356 2536 Describit
391 2472 473 2535 haec
509 2490 648 2553 genera:
686 2473 829 2554 κομήτας
867 2470 1014 2555 (Pa-Ar.
1047 2493 1078 2554 p.
1105 2478 1176 2564 ι395
1210 2474 1229 2537 b
1264 2473 1312 2557 8),
1363 2525 1364 2529 ,

190 2578 357 2660 λαμπάδας
382 2576 465 2662 (ll),
491 2579 622 2649 δοκίόας
646 2577 726 2663 (ln),
751 2578 812 2660 ἶριν
836 2577 880 2662 (p.
906 2585 969 2645 395
995 2600 1014 2644 a
1040 2580 1105 2665 32),
1133 2582 1201 2643 ἅλω
1226 2577 1312 2665 (36),

191 2685 315 2767 ῥυμοὺς
337 2686 391 2747 καὶ
415 2686 540 2767 ῥύακας
569 2687 614 2769 (p.
639 2690 702 2748 395
731 2686 752 2749 b
778 2691 794 2747 7
820 2687 953 2772 ῥῦσιςῖ),
979 2688 1155 2757 ὃιάττοντας
1180 2684 1193 2770 (
1217 2690 1241 2772 ).
1268 2723 1314 2732 -

191 2791 318 2856 Manilii
358 2790 444 2856 dolia
488 2792 526 2875 (Ι,
561 2791 640 2875 842)
683 2791 769 2871 apud
811 2811 1001 2875 anonymum
1043 2796 1132 2858 aldor
1173 2793 1314 2882 audiunt

191 2897 235 2982 (p.
267 2899 374 2963 3951
406 2897 472 2984 12).
504 2937 547 2943 -
577 2897 736 2962 Fortasse
766 2917 829 2962 non
861 2900 1098 2982 neglegendum
1131 2905 1192 2982 est,
1225 2902 1315 2967 hunc

191 3023 246 3069 eos
270 3024 395 3084 quoque
419 3004 512 3087 ignes
536 3010 684 3089 tangere,
706 3006 745 3072 de
771 3007 885 3086 quibus
909 3008 1117 3075 Posidonium
1141 3009 1316 3091 scripsisse

191 3110 316 3176 Seneca
354 3115 467 3176 auctor
506 3116 566 3193 est,
590 3122 639 3175 ⁴et
675 3112 728 3192 qui
768 3115 809 3178 ab
842 3115 969 3180 Achille
1008 3121 1042 3180 et
1076 3116 1210 3182 Manilio
1248 3137 1315 3182 non

191 3215 419 3283 omittuntur2:
443 3220 555 3283 trabes
580 3217 663 3300 dico,
688 3239 771 3299 quae
795 3240 913 3302 graece
939 3223 1062 3293 ὁοκίδες
1086 3223 1246 3288 dicuntur.

280 3325 375 3389 Aeris
406 3325 534 3407 ignibus
566 3327 723 3391 absolutis
753 3321 1050 3394 Pseudaris'toteles
1084 3330 1123 3394 de
1155 3329 1195 3394 iis
1229 3331 1313 3413 agit,

192 3450 270 3510 quos
295 3435 384 3495 terra
409 3438 440 3496 et
466 3451 555 3496 mare
580 3432 758 3499 continent.
805 3435 901 3501 (luins
924 3436 1029 3517 partis
1049 3436 1222 3519 vestigium
1247 3457 1315 3504 non

190 3537 309 3602 leviter
327 3537 518 3619 impressum
538 3538 624 3620 apud
643 3540 809 3606 Manilium
829 3541 1019 3609 invenimus.
1058 3543 1119 3626 Qui
1138 3548 1314 3624 postquam

190 3650 333 3709 cometas
366 3644 548 3726 descripsit,
574 3647 699 3713 cunetis
730 3648 878 3728 partibus
907 3650 1000 3732 ignes
1030 3651 1210 3731 permixtos
1240 3671 1315 3717 esse

191 3756 314 3815 narrat.
380 3752 487 3831 Atque
525 3753 663 3834 exempli
705 3754 815 3836 gratia
856 3776 927 3821 cum
970 3757 1036 3822 alia
1076 3759 1316 3842 phaenomena,

191 3863 258 3922 tum
292 3856 376 3923 sicut
413 3878 590 3941 anonymus
624 3861 762 3926 Aetnam
800 3867 833 3926 et
867 3862 974 3928 tontes
1009 3864 1132 3929 calidos
1165 3865 1317 3932 nominat

191 3963 260 4047 (vv.
286 3969 350 4029 854
373 3964 446 4051 sq).

282 4213 288 4242 ¹
309 4213 423 4267 Hermae
443 4214 495 4266 rol.
515 4217 549 4266 20
568 4232 592 4281 p.
613 4218 663 4266 617
684 4232 721 4281 sq.

282 4304 292 4333 ²
311 4304 351 4358 uf.
370 4322 394 4372 p.
415 4307 457 4357 22.
