2760 4852
1179 366 1228 432 45

109 568 247 649 dieitur⁷
294 573 456 647 extorum,
510 569 684 651 fulgorum,
746 574 945 635 ostentorum
1005 571 1232 654 signorumque

108 675 322 740 caelestium.‘
369 676 421 740 Ad
450 695 518 740 rem
547 675 741 740 simillimam
773 683 902 757 spectat
930 677 1057 743 Gemini
1082 698 1152 760 cap.
1180 684 1230 758 14,

109 781 202 847 cuius
226 781 353 847 initium
379 781 492 847 affero:
522 783 568 855 ,Ὁ
593 785 664 865 περὶ
694 785 913 867 ἐπισημασιῶν
943 787 1038 867 λόγος
1061 786 1147 868 παρὰ
1171 787 1231 868 μὲν

106 896 172 959 τοῖς
204 891 341 959 ἰδιώταις
378 891 504 952 ἀλλοίαν
540 893 601 973 ἔχει
639 892 794 973 διάληψιν,
833 893 879 961 ὡς
918 893 967 954 ἐπὶ
1002 899 1067 955 τῶν
1103 895 1231 975 ἄστρων

107 997 263 1066 incredule
287 998 339 1059 καὶ
364 997 467 1060 δύσεσι
491 1002 555 1059 τῶν
578 999 651 1080 περὶ
669 998 724 1060 τὸν
742 999 820 1080 ἀέρα
838 1000 1025 1080 ‘immolor
1044 1001 1229 1081 γινομένων.

107 1103 126 1164 ὁ
152 1102 187 1165 δὲ
215 1103 439 1186 μαθηματικὸς
473 1104 526 1166 καὶ
559 1104 694 1185 φυσικὸς
727 1106 836 1186 ἑτέραν
869 1107 929 1187 ἔχει
964 1105 1080 1178 ὀόξοιν.ί
1134 1105 1227 1170 Illam

107 1208 212 1290 ipsam
225 1210 432 1290 senteutiam,
447 1229 541 1288 qnam
556 1209 748 1275 Posidonius
761 1210 939 1293 impugnat,
957 1212 1043 1293 apud
1061 1212 1225 1277 Manilium

106 1315 239 1398 saepius
262 1316 452 1383 invenimus.
501 1318 537 1382 V.
564 1325 582 1382 2

266 1423 394 1505 ,Sidera
418 1423 564 1488 diversos
587 1423 747 1489 hominum
770 1425 936 1492 variantia
960 1429 1063 1490 onsns‘

105 1531 145 1595 V.
172 1536 213 1595 oa
784 1517 789 1526 ’

354 1638 475 1720 ‚tacitis
500 1638 700 1704 dominantia
723 1639 851 1722 legibus
875 1642 976 1705 astra‘

104 1744 217 1810 multis
240 1745 314 1810 aliis
336 1745 425 1811 loeis.
474 1746 538 1810 Sed
563 1766 632 1811 oum
657 1752 757 1828 poeta
780 1765 842 1812 non
866 1747 1079 1829 litigauimus.

194 1959 255 2026 Vv.
288 1965 353 2026 483
386 1980 455 2040 sqq.
489 1966 598 2043 poeto,
632 1967 803 2043 postquam
837 1961 933 2027 Arati
965 1981 1019 2029 vv.
1051 1967 1226 2028 451-453

101 2066 276 2130 transtulit
286 2064 306 2148 ¹,
354 2066 408 2146 qui
449 2072 524 2132 sunt
566 2068 606 2133 de
649 2070 816 2133 stellarum
859 2068 995 2133 fixarum
1038 2068 1150 2133 ordine
1193 2075 1227 2134 et

101 2173 299 2254 constantia,
324 2173 524 2238 oouasionem
550 2176 692 2239 oblatam
717 2179 832 2239 tenens
856 2175 896 2239 de
920 2174 1030 2240 mundi
1051 2175 1225 2240 divinitate

99 2281 277 2346 seeundum
301 2281 507 2347 Posidonium
538 2283 640 2347 verba
670 2281 760 2347 facit.
812 2281 896 2364 Quid
928 2283 1100 2347 ostendere
1132 2282 1223 2365 velit,

99 2392 243 2468 apparet
267 2406 307 2451 ex
330 2387 442 2469 primis
465 2389 559 2454 liuius
583 2387 645 2452 looi
669 2389 792 2454 verbis:

97 2499 166 2559 483
193 2495 251 2576 ,Ao
280 2494 358 2559 mihi
391 2501 458 2560 tam
490 2514 647 2576 praesens
677 2495 763 2560 ratio
793 2514 856 2558 non
888 2496 954 2559 ulla
989 2495 1130 2560 videtur‘
1163 2495 1222 2578 (so.

316 2621 410 2682 quam
442 2623 491 2685 ea,
523 2603 563 2667 de
595 2622 658 2683 qua
687 2603 780 2666 modo
810 2620 864 2668 vv.
895 2605 1069 2666 478-482
1102 2601 1222 2666 dietum

316 2715 376 2790 est,
402 2710 479 2774 ordo
504 2715 538 2774 et
562 2708 747 2774 constantia
770 2709 937 2773 stellarum
961 2708 1111 2788 fixarum)

191 2815 274 2898 ‚Qua
297 2820 413 2897 pateat
435 2817 586 2881 mundum
610 2815 718 2882 divino
742 2814 871 2880 numine
895 2815 980 2880 verti

190 2925 298 3003 Atque
322 2923 425 3004 ipsum
450 2943 521 2988 esse
546 2923 660 2988 deum‘
1139 3002 1142 3006 μ

95 3029 262 3095 Diodorus
299 3030 386 3112 apud
423 3030 581 3095 Achillem
618 3029 690 3095 vooi
731 3030 875 3112 ,κόσμοςί
916 3048 978 3092 non
1021 3028 1125 3093 minus
1162 3048 1220 3094 sex

95 3137 355 3219 significationes
392 3134 535 3203 tribuit2’.
596 3135 737 3219 Quarum
775 3135 918 3215 quintam
954 3140 1053 3216 poeta
1087 3155 1117 3200 v.
1153 3140 1219 3200 484

93 3351 187 3416 Nihil
216 3351 303 3416 aliud
334 3352 389 3416 illo
418 3355 610 3433 argumento
640 3349 772 3431 probari
803 3354 923 3431 potest,
956 3349 1019 3414 nisi
1050 3350 1217 3415 stellarum

92 3458 234 3523 fixarum
253 3460 424 3539 sphaeram
445 3477 517 3522 esse
537 3456 689 3538 divinam,
709 3476 811 3536 neque
836 3457 924 3521 aliud
950 3456 1027 3535 quid
1050 3476 1152 3536 usque
1176 3458 1219 3522 ad

91 3586 126 3632 v.
155 3571 216 3631 523
242 3567 491 3631 demonstratur.
517 3603 557 3610 -
582 3565 840 3630 171486-494
864 3563 1016 3628 Manilius
1040 3563 1216 3645 Epicurum

93 3673 276 3755 impugnat,
302 3673 354 3752 qui
380 3673 542 3755 ,mundum
566 3671 651 3737 forte
675 3671 778 3737 eoisse
798 3671 965 3754 magistra‘
987 3669 1116 3734 dixerit.
1164 3671 1216 3734 En

94 3780 195 3845 alium
219 3781 369 3845 mundum
393 3782 547 3845 habemns
572 3784 605 3844 et
629 3798 710 3860 erun,
736 3779 790 3857 qui
814 3778 994 3843 oDiodoro
1018 3777 1121 3858 primo
1145 3778 1215 3841 looo

94 3886 264 3953 definitur:
292 3889 423 3970 ,κόσμος
446 3889 507 3951 ἐστὶ
530 3889 672 3970 σύστημα
697 3887 731 3958 ἕξ
754 3888 893 3968 οὐρανοῦ
916 3886 969 3948 καὶ
993 3892 1050 3968 γῆς
1073 3885 1215 3947 καὶτῶν

90 3995 212 4078 μεταξὺ
257 3997 407 4077 φύσεων]
454 3993 544 4076 Quae
588 3999 625 4058 ut
667 4012 736 4057 eum
783 3992 832 4075 iis,
876 4011 958 4072 quae
983 3991 1213 4073 praecedunt,

186 4243 194 4272 ¹
213 4243 245 4296 V.
266 4259 368 4296 enours.
388 4243 423 4295 11.

185 4332 268 4398 ²cup.
288 4334 320 4398 53
339 4333 372 4384 ef.
391 4331 466 4384 Diels
485 4332 594 4400 doxogr.
615 4347 641 4398 p.
660 4332 695 4382 20
713 4345 752 4395 sq.
