<?xml version="1.0" encoding="UTF-8"?>
<!DOCTYPE html PUBLIC "-//W3C//DTD XHTML 1.0 Transitional//EN"
    "http://www.w3.org/TR/xhtml1/DTD/xhtml1-transitional.dtd">
<html xmlns="http://www.w3.org/1999/xhtml" xml:lang="en" lang="en">
 <head>
  <title>
</title>
<meta http-equiv="Content-Type" content="text/html;charset=utf-8" />
  <meta name='ocr-system' content='tesseract 3.04.00' />
  <meta name='ocr-capabilities' content='ocr_page ocr_carea ocr_par ocr_line ocrx_word'/>
</head>
<body>
  <div class='ocr_page' id='page_1' title='image "./deauctoribusqui01malcgoog_0026.png"; bbox 0 0 2760 4852; ppageno 0'>
   <div class='ocr_carea' id='block_1_1' title="bbox 1192 87 1239 153">
    <p class='ocr_par' dir='ltr' id='par_1_1' title="bbox 1192 87 1239 153">
     <span class='ocr_line' id='line_1_1' title="bbox 1192 87 1239 153; baseline 0 0"><span class='ocrx_word' id='word_1_1' title='bbox 1192 87 1239 153; x_wconf 75' lang='grc'><strong>2-3</strong></span> 
     </span>
    </p>
   </div>
   <div class='ocr_carea' id='block_1_2' title="bbox 123 289 1246 3584">
    <p class='ocr_par' dir='ltr' id='par_1_2' title="bbox 123 289 1243 568">
     <span class='ocr_line' id='line_1_2' title="bbox 123 289 1241 374; baseline 0.006 -20"><span class='ocrx_word' id='word_1_2' title='bbox 123 289 251 355; x_wconf 87' lang='lat' dir='ltr'><strong>voluit?</strong></span> <span class='ocrx_word' id='word_1_3' title='bbox 288 289 440 372; x_wconf 79' lang='lat' dir='ltr'>Suspicor</span> <span class='ocrx_word' id='word_1_4' title='bbox 460 290 626 355; x_wconf 82' lang='lat' dir='ltr'>Manilium</span> <span class='ocrx_word' id='word_1_5' title='bbox 651 311 707 357; x_wconf 91' lang='lat' dir='ltr'><strong>suo</strong></span> <span class='ocrx_word' id='word_1_6' title='bbox 727 293 835 357; x_wconf 89' lang='lat' dir='ltr'><strong>Marte</strong></span> <span class='ocrx_word' id='word_1_7' title='bbox 859 292 1042 374; x_wconf 85' lang='lat' dir='ltr'>philosophi</span> <span class='ocrx_word' id='word_1_8' title='bbox 1062 295 1241 361; x_wconf 80' lang='lat' dir='ltr'><strong>doctrinam</strong></span> 
     </span>
     <span class='ocr_line' id='line_1_3' title="bbox 123 395 1243 481; baseline 0.006 -21"><span class='ocrx_word' id='word_1_9' title='bbox 123 395 325 477; x_wconf 81' lang='lat' dir='ltr'><strong>immutasse,</strong></span> <span class='ocrx_word' id='word_1_10' title='bbox 367 396 507 462; x_wconf 86' lang='lat' dir='ltr'><strong>fortasse</strong></span> <span class='ocrx_word' id='word_1_11' title='bbox 554 417 591 463; x_wconf 91' lang='lat' dir='ltr'><strong>eo</strong></span> <span class='ocrx_word' id='word_1_12' title='bbox 634 397 781 480; x_wconf 88' lang='lat' dir='ltr'><strong>consilio,</strong></span> <span class='ocrx_word' id='word_1_13' title='bbox 824 404 876 464; x_wconf 91' lang='lat' dir='ltr'><strong>ut·</strong></span> <span class='ocrx_word' id='word_1_14' title='bbox 902 398 1128 481; x_wconf 82' lang='lat' dir='ltr'><strong>simpliciorem</strong></span> <span class='ocrx_word' id='word_1_15' title='bbox 1171 422 1243 467; x_wconf 89' lang='lat' dir='ltr'><strong>eam</strong></span> 
     </span>
     <span class='ocr_line' id='line_1_4' title="bbox 123 503 287 568; baseline 0 -2"><span class='ocrx_word' id='word_1_16' title='bbox 123 503 287 568; x_wconf 87' lang='lat' dir='ltr'><strong>redderet.</strong></span> 
     </span>
    </p>

    <p class='ocr_par' dir='ltr' id='par_1_3' title="bbox 125 610 1245 1744">
     <span class='ocr_line' id='line_1_5' title="bbox 212 610 1244 697; baseline 0.006 -23"><span class='ocrx_word' id='word_1_17' title='bbox 212 610 330 675; x_wconf 87' lang='lat' dir='ltr'><strong>Altera</strong></span> <span class='ocrx_word' id='word_1_18' title='bbox 344 611 518 692; x_wconf 91' lang='lat' dir='ltr'><strong>sententia,</strong></span> <span class='ocrx_word' id='word_1_19' title='bbox 534 631 616 691; x_wconf 86' lang='lat' dir='ltr'><strong>quae</strong></span> <span class='ocrx_word' id='word_1_20' title='bbox 632 617 742 677; x_wconf 87' lang='lat' dir='ltr'><strong>exstat</strong></span> <span class='ocrx_word' id='word_1_21' title='bbox 757 632 808 678; x_wconf 88' lang='lat' dir='ltr'><strong>vv.</strong></span> <span class='ocrx_word' id='word_1_22' title='bbox 821 619 1005 695; x_wconf 75' lang='lat' dir='ltr'><strong>scr—873,</strong></span> <span class='ocrx_word' id='word_1_23' title='bbox 1022 615 1244 697; x_wconf 85' lang='lat' dir='ltr'><strong>Pythagorae-</strong></span> 
     </span>
     <span class='ocr_line' id='line_1_6' title="bbox 125 717 1244 800; baseline 0.006 -19"><span class='ocrx_word' id='word_1_24' title='bbox 125 737 213 782; x_wconf 89' lang='lat' dir='ltr'><strong>orum</strong></span> <span class='ocrx_word' id='word_1_25' title='bbox 238 722 302 800; x_wconf 87' lang='lat' dir='ltr'><strong>est,</strong></span> <span class='ocrx_word' id='word_1_26' title='bbox 328 717 382 798; x_wconf 91' lang='lat' dir='ltr'><strong>qui</strong></span> <span class='ocrx_word' id='word_1_27' title='bbox 412 717 514 799; x_wconf 91' lang='lat' dir='ltr'><strong>,aiunt</strong></span> <span class='ocrx_word' id='word_1_28' title='bbox 545 738 616 783; x_wconf 89' lang='lat' dir='ltr'><strong>esse</strong></span> <span class='ocrx_word' id='word_1_29' title='bbox 641 719 779 800; x_wconf 84' lang='lat' dir='ltr'><strong>quidem,</strong></span> <span class='ocrx_word' id='word_1_30' title='bbox 805 721 862 784; x_wconf 90' lang='lat' dir='ltr'><strong>sed</strong></span> <span class='ocrx_word' id='word_1_31' title='bbox 887 721 1009 786; x_wconf 86' lang='lat' dir='ltr'><strong>habere</strong></span> <span class='ocrx_word' id='word_1_32' title='bbox 1033 741 1144 787; x_wconf 86' lang='lat' dir='ltr'><strong>cursus</strong></span> <span class='ocrx_word' id='word_1_33' title='bbox 1168 741 1244 788; x_wconf 93' lang='lat' dir='ltr'><strong>suos</strong></span> 
     </span>
     <span class='ocr_line' id='line_1_7' title="bbox 125 824 1242 911; baseline 0.006 -24"><span class='ocrx_word' id='word_1_34' title='bbox 125 828 158 888; x_wconf 90' lang='lat' dir='ltr'><strong>et</strong></span> <span class='ocrx_word' id='word_1_35' title='bbox 181 829 256 904; x_wconf 90' lang='lat' dir='ltr'><strong>post</strong></span> <span class='ocrx_word' id='word_1_36' title='bbox 279 830 370 889; x_wconf 89' lang='lat' dir='ltr'><strong>certa</strong></span> <span class='ocrx_word' id='word_1_37' title='bbox 393 826 498 890; x_wconf 90' lang='lat' dir='ltr'><strong>lustra</strong></span> <span class='ocrx_word' id='word_1_38' title='bbox 522 824 553 889; x_wconf 92' lang='lat' dir='ltr'><strong>in</strong></span> <span class='ocrx_word' id='word_1_39' title='bbox 579 831 784 906; x_wconf 89' lang='lat' dir='ltr'><strong>conspectum</strong></span> <span class='ocrx_word' id='word_1_40' title='bbox 813 827 997 892; x_wconf 78' lang='lat' dir='ltr'><strong>mortalium</strong></span> <span class='ocrx_word' id='word_1_41' title='bbox 1026 828 1125 892; x_wconf 74' lang='lat' dir='ltr'><strong>exire⁴</strong></span> <span class='ocrx_word' id='word_1_42' title='bbox 1152 829 1242 911; x_wconf 86' lang='lat' dir='ltr'><strong>(Sen.</strong></span> 
     </span>
     <span class='ocr_line' id='line_1_8' title="bbox 127 931 1244 1018; baseline 0.004 -23"><span class='ocrx_word' id='word_1_43' title='bbox 127 936 222 1012; x_wconf 76' lang='lat' dir='ltr'><strong>19,a;</strong></span> <span class='ocrx_word' id='word_1_44' title='bbox 254 931 343 996; x_wconf 77' lang='lat' dir='ltr'><strong>aetii</strong></span> <span class='ocrx_word' id='word_1_45' title='bbox 366 933 456 996; x_wconf 87' lang='lat' dir='ltr'><strong>Plac.</strong></span> <span class='ocrx_word' id='word_1_46' title='bbox 482 933 540 1013; x_wconf 91' lang='lat' dir='ltr'><strong>llI,</strong></span> <span class='ocrx_word' id='word_1_47' title='bbox 567 939 642 1013; x_wconf 61' lang='lat' dir='ltr'><strong>Ml,</strong></span> <span class='ocrx_word' id='word_1_48' title='bbox 672 931 762 997; x_wconf 87' lang='lat' dir='ltr'><strong>Diels</strong></span> <span class='ocrx_word' id='word_1_49' title='bbox 791 932 864 996; x_wconf 87' lang='lat' dir='ltr'><strong>dox.</strong></span> <span class='ocrx_word' id='word_1_50' title='bbox 889 953 920 1014; x_wconf 88' lang='lat' dir='ltr'><strong>p.</strong></span> <span class='ocrx_word' id='word_1_51' title='bbox 952 934 1041 1018; x_wconf 79' lang='grc'>366).</span> <span class='ocrx_word' id='word_1_52' title='bbox 1088 935 1139 999; x_wconf 81' lang='lat' dir='ltr'><strong>Ad</strong></span> <span class='ocrx_word' id='word_1_53' title='bbox 1163 937 1244 1000; x_wconf 87' lang='lat' dir='ltr'><strong>haec</strong></span> 
     </span>
     <span class='ocr_line' id='line_1_9' title="bbox 125 1036 1244 1124; baseline 0.005 -23"><span class='ocrx_word' id='word_1_54' title='bbox 125 1036 277 1102; x_wconf 90' lang='lat' dir='ltr'><strong>Manilius</strong></span> <span class='ocrx_word' id='word_1_55' title='bbox 302 1038 395 1103; x_wconf 84' lang='lat' dir='ltr'><strong>addit</strong></span> <span class='ocrx_word' id='word_1_56' title='bbox 418 1040 477 1103; x_wconf 89' lang='lat' dir='ltr'><strong>has</strong></span> <span class='ocrx_word' id='word_1_57' title='bbox 501 1041 616 1104; x_wconf 89' lang='lat' dir='ltr'><strong>stellas</strong></span> <span class='ocrx_word' id='word_1_58' title='bbox 639 1043 814 1121; x_wconf 89' lang='lat' dir='ltr'><strong>propterea</strong></span> <span class='ocrx_word' id='word_1_59' title='bbox 838 1058 901 1103; x_wconf 93' lang='lat' dir='ltr'><strong>non</strong></span> <span class='ocrx_word' id='word_1_60' title='bbox 934 1059 1062 1122; x_wconf 90' lang='lat' dir='ltr'><strong>semper</strong></span> <span class='ocrx_word' id='word_1_61' title='bbox 1091 1041 1244 1124; x_wconf 81' lang='lat' dir='ltr'><strong>conspici,</strong></span> 
     </span>
     <span class='ocr_line' id='line_1_10' title="bbox 127 1144 1243 1230; baseline 0.004 -22"><span class='ocrx_word' id='word_1_62' title='bbox 127 1144 200 1224; x_wconf 93' lang='lat' dir='ltr'><strong>quia</strong></span> <span class='ocrx_word' id='word_1_63' title='bbox 216 1145 294 1209; x_wconf 91' lang='lat' dir='ltr'><strong>solis</strong></span> <span class='ocrx_word' id='word_1_64' title='bbox 309 1145 411 1210; x_wconf 90' lang='lat' dir='ltr'><strong>radiis</strong></span> <span class='ocrx_word' id='word_1_65' title='bbox 426 1146 648 1211; x_wconf 88' lang='lat' dir='ltr'><strong>obscurentur.</strong></span> <span class='ocrx_word' id='word_1_66' title='bbox 673 1148 767 1211; x_wconf 88' lang='lat' dir='ltr'><strong>Hanc</strong></span> <span class='ocrx_word' id='word_1_67' title='bbox 783 1165 914 1210; x_wconf 88' lang='lat' dir='ltr'><strong>causam</strong></span> <span class='ocrx_word' id='word_1_68' title='bbox 929 1153 965 1212; x_wconf 94' lang='lat' dir='ltr'><strong>ut</strong></span> <span class='ocrx_word' id='word_1_69' title='bbox 978 1148 1243 1230; x_wconf 86' lang='lat' dir='ltr'><strong>Pythagonaeam</strong></span> 
     </span>
     <span class='ocr_line' id='line_1_11' title="bbox 126 1251 1243 1335; baseline 0.001 -18"><span class='ocrx_word' id='word_1_70' title='bbox 126 1251 374 1333; x_wconf 78' lang='lat' dir='ltr'><strong>Olympiodorus</strong></span> <span class='ocrx_word' id='word_1_71' title='bbox 407 1252 518 1317; x_wconf 86' lang='lat' dir='ltr'><strong>affert:</strong></span> <span class='ocrx_word' id='word_1_72' title='bbox 551 1253 688 1318; x_wconf 86' lang='lat' dir='ltr'><strong>Aristot.</strong></span> <span class='ocrx_word' id='word_1_73' title='bbox 722 1258 855 1318; x_wconf 87' lang='lat' dir='ltr'><strong>meteor.</strong></span> <span class='ocrx_word' id='word_1_74' title='bbox 890 1253 939 1318; x_wconf 90' lang='lat' dir='ltr'><strong>ed.</strong></span> <span class='ocrx_word' id='word_1_75' title='bbox 973 1254 1081 1319; x_wconf 90' lang='lat' dir='ltr'><strong>ldeler</strong></span> <span class='ocrx_word' id='word_1_76' title='bbox 1112 1255 1138 1335; x_wconf 91' lang='lat' dir='ltr'><strong>l,</strong></span> <span class='ocrx_word' id='word_1_77' title='bbox 1166 1261 1243 1321; x_wconf 80' lang='lat'>183:</span> 
     </span>
     <span class='ocr_line' id='line_1_12' title="bbox 127 1360 1245 1445; baseline 0.003 -24"><span class='ocrx_word' id='word_1_78' title='bbox 127 1361 243 1441; x_wconf 79' lang='grc' dir='ltr'><strong><em>,ὥσπερ</em></strong></span> <span class='ocrx_word' id='word_1_79' title='bbox 266 1360 359 1442; x_wconf 74' lang='grc' dir='ltr'><strong><em>φησίν</em></strong></span> <span class='ocrx_word' id='word_1_80' title='bbox 383 1361 401 1424; x_wconf 86' lang='grc' dir='ltr'>ὁ</span> <span class='ocrx_word' id='word_1_81' title='bbox 423 1368 479 1423; x_wconf 83' lang='grc' dir='ltr'><strong>τοῦ</strong></span> <span class='ocrx_word' id='word_1_82' title='bbox 499 1361 620 1443; x_wconf 79' lang='grc' dir='ltr'><em>Ἑρμοῦ</em></span> <span class='ocrx_word' id='word_1_83' title='bbox 645 1362 743 1443; x_wconf 78' lang='grc' dir='ltr'><em>ἀστὴρ</em></span> <span class='ocrx_word' id='word_1_84' title='bbox 768 1361 818 1424; x_wconf 78' lang='grc' dir='ltr'><strong>διὰ</strong></span> <span class='ocrx_word' id='word_1_85' title='bbox 842 1361 877 1423; x_wconf 82' lang='grc' dir='ltr'><strong>τὸ</strong></span> <span class='ocrx_word' id='word_1_86' title='bbox 901 1362 1075 1444; x_wconf 79' lang='grc' dir='ltr'><em>ἰσόδρομος</em></span> <span class='ocrx_word' id='word_1_87' title='bbox 1098 1362 1175 1425; x_wconf 82' lang='grc' dir='ltr'><strong><em>εἶναι</em></strong></span> <span class='ocrx_word' id='word_1_88' title='bbox 1198 1371 1245 1445; x_wconf 80' lang='grc' dir='ltr'><strong>τῴ</strong></span> 
     </span>
     <span class='ocr_line' id='line_1_13' title="bbox 126 1467 1245 1551; baseline 0.004 -23"><span class='ocrx_word' id='word_1_89' title='bbox 126 1467 202 1548; x_wconf 76' lang='grc' dir='ltr'><strong><em>ἡλίῳ</em></strong></span> <span class='ocrx_word' id='word_1_90' title='bbox 236 1469 378 1537; x_wconf 82' lang='grc' dir='ltr'><strong><em>σπανίως</em></strong></span> <span class='ocrx_word' id='word_1_91' title='bbox 411 1470 560 1550; x_wconf 74' lang='grc' dir='ltr'><strong><em>φαίνεται,</em></strong></span> <span class='ocrx_word' id='word_1_92' title='bbox 594 1469 756 1551; x_wconf 78' lang='grc' dir='ltr'><em>δυσχερῶς</em></span> <span class='ocrx_word' id='word_1_93' title='bbox 789 1468 848 1550; x_wconf 79' lang='grc' dir='ltr'><strong>γὰρ</strong></span> <span class='ocrx_word' id='word_1_94' title='bbox 876 1470 1044 1542; x_wconf 77' lang='grc' dir='ltr'><strong><em>ὑπολείπει,</em></strong></span> <span class='ocrx_word' id='word_1_95' title='bbox 1076 1471 1162 1532; x_wconf 78' lang='grc' dir='ltr'><em>οὕτω</em></span> <span class='ocrx_word' id='word_1_96' title='bbox 1192 1470 1245 1533; x_wconf 85' lang='grc' dir='ltr'><strong>καὶ</strong></span> 
     </span>
     <span class='ocr_line' id='line_1_14' title="bbox 127 1571 1245 1658; baseline 0.004 -23"><span class='ocrx_word' id='word_1_97' title='bbox 127 1571 219 1643; x_wconf 72' lang='grc' dir='ltr'><em>οὗτος</em></span> <span class='ocrx_word' id='word_1_98' title='bbox 252 1575 270 1637; x_wconf 84' lang='grc' dir='ltr'>ὁ</span> <span class='ocrx_word' id='word_1_99' title='bbox 302 1575 393 1644; x_wconf 81' lang='grc' dir='ltr'><em>ἕκτος</em></span> <span class='ocrx_word' id='word_1_100' title='bbox 423 1576 580 1658; x_wconf 79' lang='grc' dir='ltr'><strong><em>πλανήτης</em></strong></span> <span class='ocrx_word' id='word_1_101' title='bbox 612 1577 757 1657; x_wconf 81' lang='grc' dir='ltr'><em>τοιαύτην</em></span> <span class='ocrx_word' id='word_1_102' title='bbox 788 1577 852 1657; x_wconf 84' lang='grc' dir='ltr'><em>ἔχει</em></span> <span class='ocrx_word' id='word_1_103' title='bbox 882 1577 1002 1658; x_wconf 77' lang='grc' dir='ltr'><strong><em>κίνησιν</em></strong></span> <span class='ocrx_word' id='word_1_104' title='bbox 1027 1577 1081 1639; x_wconf 86' lang='grc' dir='ltr'><strong>καὶ</strong></span> <span class='ocrx_word' id='word_1_105' title='bbox 1104 1578 1245 1647; x_wconf 84' lang='grc' dir='ltr'><strong><em>σπανίως</em></strong></span> 
     </span>
     <span class='ocr_line' id='line_1_15' title="bbox 128 1681 1043 1744; baseline 0.002 -1"><span class='ocrx_word' id='word_1_106' title='bbox 128 1681 302 1744; x_wconf 56' lang='grc' dir='ltr'><strong><em>ὑπολείπει]</em></strong></span> <span class='ocrx_word' id='word_1_107' title='bbox 969 1687 971 1692; x_wconf 74' lang='grc'>’</span> <span class='ocrx_word' id='word_1_108' title='bbox 1037 1687 1043 1697; x_wconf 85' lang='grc'><strong>”</strong></span> 
     </span>
    </p>

    <p class='ocr_par' dir='ltr' id='par_1_4' title="bbox 127 1786 1246 2192">
     <span class='ocr_line' id='line_1_16' title="bbox 213 1786 1246 1872; baseline 0.004 -21"><span class='ocrx_word' id='word_1_109' title='bbox 213 1786 328 1852; x_wconf 83' lang='lat' dir='ltr'><strong>Tertia</strong></span> <span class='ocrx_word' id='word_1_110' title='bbox 366 1789 503 1868; x_wconf 92' lang='lat' dir='ltr'><strong>denique</strong></span> <span class='ocrx_word' id='word_1_111' title='bbox 545 1788 651 1871; x_wconf 92' lang='lat' dir='ltr'><strong>opinio</strong></span> <span class='ocrx_word' id='word_1_112' title='bbox 693 1795 760 1853; x_wconf 88' lang='lat' dir='ltr'><strong>tam</strong></span> <span class='ocrx_word' id='word_1_113' title='bbox 802 1788 941 1871; x_wconf 82' lang='lat' dir='ltr'><strong>simplex</strong></span> <span class='ocrx_word' id='word_1_114' title='bbox 983 1794 1043 1872; x_wconf 87' lang='lat' dir='ltr'><strong>est,</strong></span> <span class='ocrx_word' id='word_1_115' title='bbox 1081 1795 1118 1854; x_wconf 89' lang='lat' dir='ltr'><strong>ut</strong></span> <span class='ocrx_word' id='word_1_116' title='bbox 1159 1789 1246 1855; x_wconf 90' lang='lat' dir='ltr'><strong>inter</strong></span> 
     </span>
     <span class='ocr_line' id='line_1_17' title="bbox 127 1894 1244 1978; baseline 0.002 -20"><span class='ocrx_word' id='word_1_117' title='bbox 127 1894 385 1976; x_wconf 82' lang='lat' dir='ltr'><strong>philosophorum</strong></span> <span class='ocrx_word' id='word_1_118' title='bbox 419 1896 543 1978; x_wconf 88' lang='lat' dir='ltr'><strong>placita</strong></span> <span class='ocrx_word' id='word_1_119' title='bbox 580 1915 651 1961; x_wconf 89' lang='lat' dir='ltr'><strong>eam</strong></span> <span class='ocrx_word' id='word_1_120' title='bbox 685 1897 867 1961; x_wconf 91' lang='lat' dir='ltr'><strong>habendam</strong></span> <span class='ocrx_word' id='word_1_121' title='bbox 901 1915 973 1962; x_wconf 88' lang='lat' dir='ltr'><strong>esse</strong></span> <span class='ocrx_word' id='word_1_122' title='bbox 1005 1916 1068 1961; x_wconf 92' lang='lat' dir='ltr'><strong>uon</strong></span> <span class='ocrx_word' id='word_1_123' title='bbox 1102 1897 1244 1962; x_wconf 90' lang='lat' dir='ltr'><strong>credam.</strong></span> 
     </span>
     <span class='ocr_line' id='line_1_18' title="bbox 128 2002 1244 2084; baseline 0.002 -18"><span class='ocrx_word' id='word_1_124' title='bbox 128 2002 211 2067; x_wconf 84' lang='lat' dir='ltr'><strong>Deos</strong></span> <span class='ocrx_word' id='word_1_125' title='bbox 243 2002 444 2068; x_wconf 89' lang='lat' dir='ltr'><strong>inflammare</strong></span> <span class='ocrx_word' id='word_1_126' title='bbox 480 2004 615 2084; x_wconf 74' lang='lat' dir='ltr'><strong>oraclum,</strong></span> <span class='ocrx_word' id='word_1_127' title='bbox 649 2009 685 2068; x_wconf 89' lang='lat' dir='ltr'><strong>ut</strong></span> <span class='ocrx_word' id='word_1_128' title='bbox 716 2002 896 2068; x_wconf 90' lang='lat' dir='ltr'><strong>hominibus</strong></span> <span class='ocrx_word' id='word_1_129' title='bbox 926 2023 1033 2069; x_wconf 90' lang='lat' dir='ltr'><strong>rerum</strong></span> <span class='ocrx_word' id='word_1_130' title='bbox 1064 2004 1244 2069; x_wconf 85' lang='lat' dir='ltr'><strong>suturarum</strong></span> 
     </span>
     <span class='ocr_line' id='line_1_19' title="bbox 128 2108 1173 2192; baseline 0.002 -19"><span class='ocrx_word' id='word_1_131' title='bbox 128 2108 219 2191; x_wconf 85' lang='lat' dir='ltr'><strong>signa</strong></span> <span class='ocrx_word' id='word_1_132' title='bbox 242 2115 463 2192; x_wconf 84' lang='lat' dir='ltr'><strong>praestarent,</strong></span> <span class='ocrx_word' id='word_1_133' title='bbox 488 2112 547 2175; x_wconf 88' lang='lat' dir='ltr'><strong>hoo</strong></span> <span class='ocrx_word' id='word_1_134' title='bbox 570 2109 711 2175; x_wconf 85' lang='lat' dir='ltr'><strong>fortasse</strong></span> <span class='ocrx_word' id='word_1_135' title='bbox 736 2129 776 2175; x_wconf 89' lang='lat' dir='ltr'><strong>ea</strong></span> <span class='ocrx_word' id='word_1_136' title='bbox 800 2114 893 2175; x_wconf 88' lang='lat' dir='ltr'><strong>aetas</strong></span> <span class='ocrx_word' id='word_1_137' title='bbox 916 2113 1065 2192; x_wconf 88' lang='lat' dir='ltr'><strong>putabat,</strong></span> <span class='ocrx_word' id='word_1_138' title='bbox 1091 2129 1173 2190; x_wconf 87' lang='lat' dir='ltr'><strong>quae</strong></span> 
     </span>
    </p>

    <p class='ocr_par' dir='ltr' id='par_1_5' title="bbox 128 2216 1244 2725">
     <span class='ocr_line' id='line_1_20' title="bbox 246 2216 1127 2299; baseline 0.001 -19"><span class='ocrx_word' id='word_1_139' title='bbox 246 2217 457 2299; x_wconf 85' lang='lat' dir='ltr'><strong>,inspeciem</strong></span> <span class='ocrx_word' id='word_1_140' title='bbox 484 2236 641 2283; x_wconf 85' lang='lat' dir='ltr'><strong>conversa</strong></span> <span class='ocrx_word' id='word_1_141' title='bbox 665 2236 797 2298; x_wconf 91' lang='lat' dir='ltr'><strong>operum</strong></span> <span class='ocrx_word' id='word_1_142' title='bbox 820 2216 948 2281; x_wconf 89' lang='lat' dir='ltr'><strong>ratione</strong></span> <span class='ocrx_word' id='word_1_143' title='bbox 972 2218 1127 2298; x_wconf 85' lang='lat' dir='ltr'><strong>carebat,‘</strong></span> 
     </span>
     <span class='ocr_line' id='line_1_21' title="bbox 130 2322 1243 2405; baseline 0 -18"><span class='ocrx_word' id='word_1_144' title='bbox 130 2329 267 2403; x_wconf 84' lang='lat' dir='ltr'><strong>atquae</strong></span> <span class='ocrx_word' id='word_1_145' title='bbox 291 2324 394 2389; x_wconf 88' lang='lat' dir='ltr'><strong>minus</strong></span> <span class='ocrx_word' id='word_1_146' title='bbox 419 2343 438 2388; x_wconf 93' lang='lat' dir='ltr'><strong>a</strong></span> <span class='ocrx_word' id='word_1_147' title='bbox 470 2329 600 2405; x_wconf 90' lang='lat' dir='ltr'><strong>natura,</strong></span> <span class='ocrx_word' id='word_1_148' title='bbox 630 2343 725 2404; x_wconf 92' lang='lat' dir='ltr'><strong>quam</strong></span> <span class='ocrx_word' id='word_1_149' title='bbox 749 2322 975 2404; x_wconf 87' lang='lat' dir='ltr'><strong>superstitiose</strong></span> <span class='ocrx_word' id='word_1_150' title='bbox 999 2343 1019 2386; x_wconf 92' lang='lat' dir='ltr'><strong>a</strong></span> <span class='ocrx_word' id='word_1_151' title='bbox 1043 2322 1093 2387; x_wconf 92' lang='lat' dir='ltr'><strong>dis</strong></span> <span class='ocrx_word' id='word_1_152' title='bbox 1122 2323 1243 2405; x_wconf 82' lang='lat' dir='ltr'><strong>ignium</strong></span> 
     </span>
     <span class='ocr_line' id='line_1_22' title="bbox 130 2429 1243 2512; baseline 0 -18"><span class='ocrx_word' id='word_1_153' title='bbox 130 2449 257 2495; x_wconf 86' lang='lat' dir='ltr'><strong>causam</strong></span> <span class='ocrx_word' id='word_1_154' title='bbox 282 2433 463 2512; x_wconf 85' lang='lat' dir='ltr'><strong>repetebat.</strong></span> <span class='ocrx_word' id='word_1_155' title='bbox 507 2432 602 2495; x_wconf 91' lang='lat' dir='ltr'><strong>Hanc</strong></span> <span class='ocrx_word' id='word_1_156' title='bbox 625 2431 785 2495; x_wconf 90' lang='lat' dir='ltr'><strong>rationem</strong></span> <span class='ocrx_word' id='word_1_157' title='bbox 805 2429 958 2495; x_wconf 86' lang='lat' dir='ltr'><strong>Manilius</strong></span> <span class='ocrx_word' id='word_1_158' title='bbox 981 2429 1055 2494; x_wconf 89' lang='lat' dir='ltr'><strong>ideo</strong></span> <span class='ocrx_word' id='word_1_159' title='bbox 1077 2429 1243 2494; x_wconf 87' lang='lat' dir='ltr'><strong>addidisse</strong></span> 
     </span>
     <span class='ocr_line' id='line_1_23' title="bbox 128 2535 1244 2621; baseline -0.002 -19"><span class='ocrx_word' id='word_1_160' title='bbox 128 2535 265 2619; x_wconf 86' lang='lat' dir='ltr'><strong>videtur,</strong></span> <span class='ocrx_word' id='word_1_161' title='bbox 290 2542 327 2602; x_wconf 94' lang='lat' dir='ltr'><strong>ut</strong></span> <span class='ocrx_word' id='word_1_162' title='bbox 350 2538 515 2603; x_wconf 89' lang='lat' dir='ltr'><strong>commode</strong></span> <span class='ocrx_word' id='word_1_163' title='bbox 539 2539 582 2603; x_wconf 93' lang='lat' dir='ltr'><strong>ad</strong></span> <span class='ocrx_word' id='word_1_164' title='bbox 606 2535 861 2621; x_wconf 85' lang='lat' dir='ltr'><strong>significationes</strong></span> <span class='ocrx_word' id='word_1_165' title='bbox 881 2542 1078 2603; x_wconf 87' lang='lat' dir='ltr'><strong>cometarum</strong></span> <span class='ocrx_word' id='word_1_166' title='bbox 1102 2535 1244 2603; x_wconf 88' lang='lat' dir='ltr'><strong>transire</strong></span> 
     </span>
     <span class='ocr_line' id='line_1_24' title="bbox 129 2643 864 2725; baseline -0.001 -16"><span class='ocrx_word' id='word_1_167' title='bbox 129 2650 247 2725; x_wconf 90' lang='lat' dir='ltr'><strong>posset,</strong></span> <span class='ocrx_word' id='word_1_168' title='bbox 272 2644 311 2709; x_wconf 89' lang='lat' dir='ltr'><strong>de</strong></span> <span class='ocrx_word' id='word_1_169' title='bbox 337 2645 452 2724; x_wconf 86' lang='lat' dir='ltr'><strong>quibus</strong></span> <span class='ocrx_word' id='word_1_170' title='bbox 476 2664 528 2710; x_wconf 94' lang='lat' dir='ltr'><strong>vv.</strong></span> <span class='ocrx_word' id='word_1_171' title='bbox 554 2664 623 2725; x_wconf 86' lang='lat' dir='ltr'><strong>sqq.</strong></span> <span class='ocrx_word' id='word_1_172' title='bbox 648 2646 750 2710; x_wconf 89' lang='lat' dir='ltr'><strong>verba</strong></span> <span class='ocrx_word' id='word_1_173' title='bbox 773 2643 864 2709; x_wconf 85' lang='lat' dir='ltr'><strong>facit.</strong></span> 
     </span>
    </p>

    <p class='ocr_par' dir='ltr' id='par_1_6' title="bbox 125 2750 1246 3584">
     <span class='ocr_line' id='line_1_25' title="bbox 214 2750 1245 2834; baseline 0.001 -20"><span class='ocrx_word' id='word_1_174' title='bbox 214 2750 360 2816; x_wconf 84' lang='lat' dir='ltr'><strong>Achilles</strong></span> <span class='ocrx_word' id='word_1_175' title='bbox 391 2771 461 2832; x_wconf 89' lang='lat' dir='ltr'><strong>cap.</strong></span> <span class='ocrx_word' id='word_1_176' title='bbox 487 2756 529 2816; x_wconf 84' lang='lat'><strong>34</strong></span> <span class='ocrx_word' id='word_1_177' title='bbox 554 2770 624 2815; x_wconf 91' lang='lat' dir='ltr'><strong>cum</strong></span> <span class='ocrx_word' id='word_1_178' title='bbox 653 2751 735 2816; x_wconf 90' lang='lat' dir='ltr'><strong>alias</strong></span> <span class='ocrx_word' id='word_1_179' title='bbox 763 2751 885 2834; x_wconf 81' lang='lat' dir='ltr'><strong>ignium</strong></span> <span class='ocrx_word' id='word_1_180' title='bbox 912 2750 1044 2832; x_wconf 74' lang='lat' dir='ltr'><strong>formas</strong></span> <span class='ocrx_word' id='word_1_181' title='bbox 1069 2756 1136 2816; x_wconf 82' lang='lat' dir='ltr'><strong>tum</strong></span> <span class='ocrx_word' id='word_1_182' title='bbox 1160 2750 1245 2816; x_wconf 91' lang='lat' dir='ltr'><strong>sicut</strong></span> 
     </span>
     <span class='ocr_line' id='line_1_26' title="bbox 129 2856 1245 2940; baseline 0 -18"><span class='ocrx_word' id='word_1_183' title='bbox 129 2858 279 2924; x_wconf 88' lang='lat' dir='ltr'><strong>Manilius</strong></span> <span class='ocrx_word' id='word_1_184' title='bbox 298 2863 451 2940; x_wconf 87' lang='lat' dir='ltr'><strong>cometas,</strong></span> <span class='ocrx_word' id='word_1_185' title='bbox 471 2857 571 2940; x_wconf 80' lang='lat' dir='ltr'><strong>faceS,</strong></span> <span class='ocrx_word' id='word_1_186' title='bbox 592 2860 713 2939; x_wconf 90' lang='lat' dir='ltr'><strong>trabes,</strong></span> <span class='ocrx_word' id='word_1_187' title='bbox 734 2857 890 2922; x_wconf 87' lang='lat' dir='ltr'><strong>salientes</strong></span> <span class='ocrx_word' id='word_1_188' title='bbox 910 2856 1077 2922; x_wconf 90' lang='lat' dir='ltr'><strong>describit.</strong></span> <span class='ocrx_word' id='word_1_189' title='bbox 1109 2857 1245 2922; x_wconf 85' lang='lat' dir='ltr'><strong>Omissis</strong></span> 
     </span>
     <span class='ocr_line' id='line_1_27' title="bbox 129 2962 1245 3047; baseline -0.001 -17"><span class='ocrx_word' id='word_1_190' title='bbox 129 2966 387 3046; x_wconf 88' lang='lat' dir='ltr'><strong>philosophorum</strong></span> <span class='ocrx_word' id='word_1_191' title='bbox 421 2965 601 3031; x_wconf 90' lang='lat' dir='ltr'><strong>nominibus</strong></span> <span class='ocrx_word' id='word_1_192' title='bbox 633 2970 702 3029; x_wconf 90' lang='lat' dir='ltr'><strong>tres</strong></span> <span class='ocrx_word' id='word_1_193' title='bbox 734 2962 915 3029; x_wconf 87' lang='lat' dir='ltr'><strong>sententias</strong></span> <span class='ocrx_word' id='word_1_194' title='bbox 948 2965 1063 3047; x_wconf 90' lang='lat' dir='ltr'><strong>tradit,</strong></span> <span class='ocrx_word' id='word_1_195' title='bbox 1088 2983 1171 3044; x_wconf 89' lang='lat' dir='ltr'><strong>quae</strong></span> <span class='ocrx_word' id='word_1_196' title='bbox 1203 2965 1245 3029; x_wconf 90' lang='lat' dir='ltr'><strong>ad</strong></span> 
     </span>
     <span class='ocr_line' id='line_1_28' title="bbox 129 3071 1245 3154; baseline 0 -19"><span class='ocrx_word' id='word_1_197' title='bbox 129 3079 324 3138; x_wconf 89' lang='lat' dir='ltr'><strong>cometarum</strong></span> <span class='ocrx_word' id='word_1_198' title='bbox 349 3071 505 3154; x_wconf 82' lang='lat' dir='ltr'><strong>originem</strong></span> <span class='ocrx_word' id='word_1_199' title='bbox 535 3076 700 3153; x_wconf 88' lang='lat' dir='ltr'><strong>spectant:</strong></span> <span class='ocrx_word' id='word_1_200' title='bbox 729 3071 866 3152; x_wconf 87' lang='lat' dir='ltr'><strong>primam</strong></span> <span class='ocrx_word' id='word_1_201' title='bbox 890 3072 1108 3154; x_wconf 84' lang='lat' dir='ltr'><strong>Anaxagorae</strong></span> <span class='ocrx_word' id='word_1_202' title='bbox 1132 3071 1245 3136; x_wconf 88' lang='lat' dir='ltr'><strong>Demo·</strong></span> 
     </span>
     <span class='ocr_line' id='line_1_29' title="bbox 130 3177 1244 3261; baseline -0.002 -18"><span class='ocrx_word' id='word_1_203' title='bbox 130 3179 276 3261; x_wconf 84' lang='lat' dir='ltr'><strong>critique,</strong></span> <span class='ocrx_word' id='word_1_204' title='bbox 313 3180 488 3245; x_wconf 89' lang='lat' dir='ltr'><strong>seeundum</strong></span> <span class='ocrx_word' id='word_1_205' title='bbox 530 3197 609 3258; x_wconf 89' lang='lat' dir='ltr'><strong>quos</strong></span> <span class='ocrx_word' id='word_1_206' title='bbox 650 3177 759 3244; x_wconf 88' lang='lat' dir='ltr'><strong>vicina</strong></span> <span class='ocrx_word' id='word_1_207' title='bbox 797 3177 906 3244; x_wconf 87' lang='lat' dir='ltr'><strong>sidera</strong></span> <span class='ocrx_word' id='word_1_208' title='bbox 946 3177 1118 3243; x_wconf 87' lang='lat' dir='ltr'><strong>coniuncta</strong></span> <span class='ocrx_word' id='word_1_209' title='bbox 1155 3178 1244 3242; x_wconf 89' lang='lat' dir='ltr'><strong>illam</strong></span> 
     </span>
     <span class='ocr_line' id='line_1_30' title="bbox 127 3283 1246 3368; baseline 0 -20"><span class='ocrx_word' id='word_1_210' title='bbox 127 3286 269 3368; x_wconf 88' lang='lat' dir='ltr'><strong>speciem</strong></span> <span class='ocrx_word' id='word_1_211' title='bbox 302 3285 459 3365; x_wconf 80' lang='lat' dir='ltr'><strong>efficiunt,</strong></span> <span class='ocrx_word' id='word_1_212' title='bbox 485 3287 625 3351; x_wconf 86' lang='lat' dir='ltr'><strong>alteram</strong></span> <span class='ocrx_word' id='word_1_213' title='bbox 648 3284 833 3350; x_wconf 77' lang='lat' dir='ltr'><strong>Heraclidis</strong></span> <span class='ocrx_word' id='word_1_214' title='bbox 856 3284 997 3367; x_wconf 91' lang='lat' dir='ltr'><strong>Pontici,</strong></span> <span class='ocrx_word' id='word_1_215' title='bbox 1022 3283 1076 3365; x_wconf 88' lang='lat' dir='ltr'><strong>qui</strong></span> <span class='ocrx_word' id='word_1_216' title='bbox 1109 3286 1246 3350; x_wconf 91' lang='lat' dir='ltr'><strong>docebat</strong></span> 
     </span>
     <span class='ocr_line' id='line_1_31' title="bbox 128 3390 1245 3475; baseline -0.002 -18"><span class='ocrx_word' id='word_1_217' title='bbox 128 3400 272 3460; x_wconf 88' lang='lat' dir='ltr'><strong>cometas</strong></span> <span class='ocrx_word' id='word_1_218' title='bbox 292 3413 363 3459; x_wconf 91' lang='lat' dir='ltr'><strong>esse</strong></span> <span class='ocrx_word' id='word_1_219' title='bbox 383 3395 484 3458; x_wconf 87' lang='lat' dir='ltr'><strong>nubes</strong></span> <span class='ocrx_word' id='word_1_220' title='bbox 500 3393 693 3475; x_wconf 87' lang='lat' dir='ltr'><strong>illustratas,</strong></span> <span class='ocrx_word' id='word_1_221' title='bbox 713 3391 847 3458; x_wconf 88' lang='lat' dir='ltr'><strong>tertiam</strong></span> <span class='ocrx_word' id='word_1_222' title='bbox 867 3390 1245 3471; x_wconf 89' lang='lat' dir='ltr'><strong>Aristotelis-Posidonii,</strong></span> 
     </span>
     <span class='ocr_line' id='line_1_32' title="bbox 125 3498 614 3584; baseline -0.006 -18"><span class='ocrx_word' id='word_1_223' title='bbox 125 3517 222 3580; x_wconf 86' lang='lat' dir='ltr'><strong>quam</strong></span> <span class='ocrx_word' id='word_1_224' title='bbox 246 3501 345 3584; x_wconf 91' lang='lat' dir='ltr'><strong>paulo</strong></span> <span class='ocrx_word' id='word_1_225' title='bbox 369 3505 446 3565; x_wconf 91' lang='lat' dir='ltr'><strong>ante</strong></span> <span class='ocrx_word' id='word_1_226' title='bbox 470 3498 614 3581; x_wconf 86' lang='lat' dir='ltr'><strong>exposui.</strong></span> 
     </span>
    </p>
   </div>
   <div class='ocr_carea' id='block_1_3' title="bbox 122 3818 1247 4114">
    <p class='ocr_par' dir='ltr' id='par_1_7' title="bbox 122 3818 1247 4114">
     <span class='ocr_line' id='line_1_33' title="bbox 216 3818 1247 3912; baseline -0.005 -25"><span class='ocrx_word' id='word_1_227' title='bbox 216 3821 363 3912; x_wconf 86' lang='lat' dir='ltr'><strong>Vidimus</strong></span> <span class='ocrx_word' id='word_1_228' title='bbox 378 3839 476 3901; x_wconf 88' lang='lat' dir='ltr'><strong>saepe</strong></span> <span class='ocrx_word' id='word_1_229' title='bbox 493 3820 652 3885; x_wconf 83' lang='lat' dir='ltr'><strong>Achillem</strong></span> <span class='ocrx_word' id='word_1_230' title='bbox 668 3826 701 3886; x_wconf 90' lang='lat' dir='ltr'><strong>et</strong></span> <span class='ocrx_word' id='word_1_231' title='bbox 715 3820 883 3885; x_wconf 90' lang='lat' dir='ltr'><strong>Manilium</strong></span> <span class='ocrx_word' id='word_1_232' title='bbox 898 3820 1011 3884; x_wconf 91' lang='lat' dir='ltr'><strong>eadem</strong></span> <span class='ocrx_word' id='word_1_233' title='bbox 1027 3818 1247 3885; x_wconf 90' lang='lat' dir='ltr'><strong>Posidoniana</strong></span> 
     </span>
     <span class='ocr_line' id='line_1_34' title="bbox 122 3925 1246 4008; baseline -0.001 -19"><span class='ocrx_word' id='word_1_234' title='bbox 122 3929 275 3993; x_wconf 80' lang='lat' dir='ltr'><strong>reddere.</strong></span> <span class='ocrx_word' id='word_1_235' title='bbox 331 3927 423 3992; x_wconf 89' lang='lat' dir='ltr'><strong>Nunc</strong></span> <span class='ocrx_word' id='word_1_236' title='bbox 455 3927 578 3992; x_wconf 90' lang='lat' dir='ltr'><strong>animos</strong></span> <span class='ocrx_word' id='word_1_237' title='bbox 614 3927 823 4008; x_wconf 88' lang='lat' dir='ltr'><strong>advertamus</strong></span> <span class='ocrx_word' id='word_1_238' title='bbox 860 3927 902 3991; x_wconf 88' lang='lat' dir='ltr'><strong>ad</strong></span> <span class='ocrx_word' id='word_1_239' title='bbox 936 3925 981 4007; x_wconf 87' lang='lat' dir='ltr'><strong>id,</strong></span> <span class='ocrx_word' id='word_1_240' title='bbox 1022 3926 1106 4005; x_wconf 88' lang='lat' dir='ltr'><strong>quod</strong></span> <span class='ocrx_word' id='word_1_241' title='bbox 1146 3925 1246 3989; x_wconf 91' lang='lat' dir='ltr'><strong>multo</strong></span> 
     </span>
     <span class='ocr_line' id='line_1_35' title="bbox 122 4031 1247 4114; baseline -0.003 -15"><span class='ocrx_word' id='word_1_242' title='bbox 122 4035 262 4114; x_wconf 79' lang='lat' dir='ltr'><strong>gravius</strong></span> <span class='ocrx_word' id='word_1_243' title='bbox 286 4035 529 4100; x_wconf 88' lang='lat' dir='ltr'><strong>est:.librorum</strong></span> <span class='ocrx_word' id='word_1_244' title='bbox 558 4033 629 4100; x_wconf 88' lang='lat' dir='ltr'><strong>dieo</strong></span> <span class='ocrx_word' id='word_1_245' title='bbox 659 4032 930 4114; x_wconf 87' lang='lat' dir='ltr'><strong>compositionem.</strong></span> <span class='ocrx_word' id='word_1_246' title='bbox 978 4032 1070 4114; x_wconf 74' lang='lat' dir='ltr'><strong>Quae</strong></span> <span class='ocrx_word' id='word_1_247' title='bbox 1100 4037 1137 4098; x_wconf 90' lang='lat' dir='ltr'><strong>ut</strong></span> <span class='ocrx_word' id='word_1_248' title='bbox 1165 4031 1247 4097; x_wconf 90' lang='lat' dir='ltr'><strong>satis</strong></span> 
     </span>
    </p>
   </div>
   <div class='ocr_carea' id='block_1_4' title="bbox 0 0 1395 4852">
    <p class='ocr_par' dir='ltr' id='par_1_8' title="bbox 0 0 1395 4852">
     <span class='ocr_line' id='line_1_36' title="bbox 0 0 1395 4852; baseline 0 0"><span class='ocrx_word' id='word_1_249' title='bbox 0 0 1395 4852; x_wconf 95' lang='lat' dir='ltr'><strong> </strong></span> 
     </span>
    </p>
   </div>
  </div>
 </body>
</html>
