2760 4852
663 510 711 579 ΙΙ.

429 681 490 749 De
513 678 688 747 Manilio
712 681 754 747 et
776 678 949 747 Achille.

220 824 293 889 Una
335 844 406 889 cum
447 824 661 890 Geminianae
705 823 862 906 epitomes
903 822 1049 902 reliquiis
1090 823 1254 892 Patavius

131 929 266 995 similem
304 931 568 996 commentarium
606 931 718 1012 edidit,
758 931 812 1010 qui
848 929 1050 996 inscribitur:
1086 931 1149 1013 ,Ἐκ
1188 939 1255 997 τῶν

127 1037 292 1120 Ἀχιλλέως
321 1040 402 1122 πρὸς
432 1036 608 1122 εἰσαγωγὴν
635 1042 677 1110 εἰς
706 1038 744 1102 τὰ
764 1040 898 1121 Ἀράτου
931 1039 1121 1120 Φαινόμενα(
1130 1036 1148 1101 ¹.
1202 1040 1253 1104 De

132 1144 193 1208 hoo
223 1143 305 1210 libro
336 1144 487 1226 Achillis,
519 1164 613 1225 quem
642 1165 705 1211 non
736 1145 834 1210 alium
867 1163 938 1210 esse
970 1144 1032 1210 nisi
1065 1145 1253 1210 fabularum

133 1250 324 1332 scriptorem
355 1251 473 1317 Suidas
503 1271 657 1333 perverse
689 1256 803 1318 auctor
838 1248 917 1335 est²,
946 1251 1088 1317 Dielsius
1117 1252 1252 1336 doxogr.

132 1358 189 1424 Gr.
221 1379 251 1440 p.
286 1365 324 1423 19
356 1378 425 1440 sqq.
459 1363 493 1424 et
525 1359 592 1424 alia
621 1365 655 1425 et
684 1360 766 1426 haec
797 1359 867 1425 fere
897 1358 1029 1424 statuit:
1064 1359 1252 1440 ,Maximam

132 1470 259 1545 partem
279 1465 422 1530 Achilles
442 1465 660 1531 Posidoniana
684 1466 827 1547 protulit.
863 1465 928 1531 Sed
947 1464 1048 1547 ipsius
1066 1465 1253 1548 philosophi

133 1590 233 1652 opera
273 1592 337 1638 non
379 1572 472 1638 adiit.
538 1574 637 1638 Immo
680 1573 829 1639 adhibuit
870 1591 926 1653 ea,
964 1591 1047 1651 quae
1089 1572 1252 1656 EudoruS,

131 1679 272 1761 Augusti
310 1680 472 1765 aequalis,
512 1700 532 1745 a
574 1680 715 1746 Diodoro
757 1679 989 1745 mathematico
1026 1680 1253 1746 Alexandrino

132 1791 298 1851 nmtuatus
328 1793 411 1852 erat.
463 1788 625 1853 Diodorus
656 1791 779 1868 autern,
803 1786 970 1852 Posidonii
995 1786 1186 1868 discipulus,
1214 1807 1252 1852 eo

131 1891 224 1973 libro,
251 1913 312 1973 quo
336 1894 487 1960 Eudorus
511 1897 674 1977 utebatur,
697 1893 846 1977 magistri
869 1893 1045 1975 praecipue
1070 1894 1253 1961 doctrinam

133 1997 384 2082 divulgaverat‘

221 2106 392 2173 Conferam
429 2109 491 2174 hac
528 2114 624 2190 parte
661 2109 883 2175 commentarii
920 2108 1060 2174 Achillei
1094 2108 1254 2188 reliquias

133 2232 204 2278 etim
222 2214 349 2278 Manilii
368 2214 450 2281 libro
470 2215 495 2279 Ι.
537 2217 565 2279 Α
585 2235 646 2295 que
669 2221 706 2281 ut
725 2236 774 2299 ea,
796 2235 879 2296 quae
902 2216 989 2281 inter
1009 2235 1043 2280 se
1063 2217 1253 2300 cohaerent,

133 2340 152 2385 a
186 2321 304 2386 ceteris
341 2324 424 2387 bene
459 2322 715 2406 distinguantur,
755 2322 884 2405 singula
921 2323 1032 2403 capita
1071 2321 1253 2406 disponam,

133 2426 247 2507 quibus
280 2429 364 2494 tales
396 2429 624 2512 inscriptiones
658 2430 786 2505 addam,
821 2430 934 2510 quales
967 2449 1007 2494 ex
1045 2429 1254 2511 physicorum

132 2533 285 2600 librorum
314 2537 545 2618 manuscriptis
574 2537 792 2620 cognovimus.
844 2536 987 2620 Singulis
1015 2536 1178 2618 capitibus
1210 2541 1255 2604 ab

117 2660 171 2706 ‚eo
196 2631 357 2724 exordiar,
386 2649 423 2708 ut
447 2644 615 2710 ostendam
640 2682 683 2690 —
707 2648 861 2724 quantum
885 2643 956 2710 fieri
979 2648 1088 2726 potest
1113 2645 1256 2724 -quid

133 2747 286 2814 Manilius
311 2770 330 2814 a
354 2750 527 2816 Posidonio
551 2750 735 2832 sumpserit.

522 2954 550 3013 1.
597 2947 863 3013 Prooemium.

369 3056 470 3142 (Man.
494 3057 521 3138 Ι,
547 3062 710 3137 66-117,
735 3055 851 3121 thill.
872 3076 942 3136 cap.
971 3055 1014 3138 1.)

224 3181 378 3247 Manilius
401 3187 571 3263 postquam
595 3200 648 3246 vv.
670 3185 798 3245 25—65
820 3180 978 3261 exposuit,
999 3181 1083 3245 unde
1107 3181 1256 3249 homines

137 3287 328 3352 facultatem
353 3287 521 3354 divinandi
546 3288 716 3367 haberent,
741 3287 889 3352 versibus
912 3287 1157 3366 insequentibus
1182 3290 1256 3353 rbe-

136 3393 239 3458 torice
264 3395 304 3459 de
329 3394 445 3458 artium
469 3393 657 3460 inventione
676 3397 778 3460 verba
801 3393 895 3458 facit:
917 3393 1061 3459 homines
1079 3399 1255 3475 postquam

137 3505 264 3566 ceteras
284 3506 373 3566 artes
393 3500 630 3584 cognovissent,
650 3501 684 3567 in
702 3500 806 3583 ipsum
830 3501 954 3566 caelum
974 3501 1160 3566 ascendisse
1181 3501 1201 3566 i.
1223 3522 1253 3568 e.

136 3608 366 3672 astronomiam
391 3614 425 3673 et
449 3607 658 3690 astrologiam
682 3607 853 3690 reperisse.

225 3714 317 3796 Quod
351 3715 472 3780 attinet
505 3717 546 3780 ad
578 3717 662 3780 hanc
692 3720 833 3796 partem,
865 3714 983 3780 Achilli
1016 3734 1086 3779 cum
1119 3716 1253 3782 Manilio

137 3840 199 3885 non
231 3821 294 3886 nisi
326 3823 387 3887 hoo
417 3841 582 3887 comnmne
617 3828 677 3904 est,
714 3821 798 3902 quod
836 3841 907 3902 cap.
942 3828 957 3887 1
991 3821 1031 3886 (16
1062 3823 1175 3887 eadem
1216 3845 1252 3889 re

136 3926 287 4007 loquitur.
335 3927 535 4010 Quamquam
566 3949 628 3994 non
652 3930 684 3994 in
716 3929 852 3992 eandem
877 3928 1083 3993 sententiam.
1131 3929 1254 3995 Narrat

137 4034 235 4115 enirn,
261 4035 336 4114 qnid
367 4041 496 4101 veteres
526 4035 612 4100 inter
645 4054 679 4100 se
704 4034 935 4100 dissentientes
964 4036 1004 4100 de
1027 4035 1253 4102 inventoribus

226 4263 236 4293 ²
254 4281 275 4318 s.
293 4282 318 4319 V.
334 4265 461 4333 Ἀχιλλεὺς
479 4265 596 4324 Στάτιος.
