2760 4852
128 335 175 402 14

214 541 357 607 Achilles
391 560 516 622 quoque
550 561 620 622 cap.
655 546 672 606 3
711 539 827 621 refert,
867 538 943 619 quid
980 538 1168 621 philosophi
1207 539 1248 604 de

125 648 236 713 mundi
283 647 408 731 origine
454 646 680 714 iudicaverint.
742 647 850 726 Atque
896 645 1048 727 Zenonis,
1097 645 1246 728 Epicuri,

125 754 324 837 Aristotelis
350 755 495 822 Socratis
518 753 738 834 Platonisque,
763 752 971 834 Empedoclis
995 753 1181 818 sententias
1206 771 1247 818 ex

125 862 296 929 Plutarchi
326 861 493 944 personati
525 860 725 926 Planitornm
761 860 900 942 epitome
937 858 1060 940 hausit,
1093 858 1246 924 Thaletis

126 969 389 1052 Pherecydisque
428 968 563 1034 Hesiodi
605 967 767 1032 Heracliti
810 965 977 1048 opiniones
1016 964 1161 1031 fortasse
1205 985 1247 1031 ex

125 1077 251 1142 Endori
284 1075 366 1142 libro
404 1073 561 1140 addidit¹.
618 1072 749 1138 Ordinis
781 1072 941 1138 rationem
973 1092 1036 1138 non
1068 1071 1244 1155 perspicio.

126 1183 270 1249 Achilles
306 1202 410 1264 neque
449 1181 623 1247 secundum
663 1185 806 1247 aetatem
848 1180 993 1264 singulos
1034 1180 1246 1262 philosophos

128 1296 306 1373 enumerat,
331 1290 416 1370 quod
443 1290 639 1354 Plutarchus
669 1295 864 1370 personatus
893 1287 983 1370 fecit,
1008 1307 1113 1368 neque
1138 1288 1247 1371 singu·

126 1399 228 1463 lorum
269 1397 462 1478 placitorum
508 1397 688 1462 sententias
734 1396 819 1462 sient
860 1394 1013 1460 Manilius
1058 1394 1246 1477 respexisse

126 1505 266 1572 videtur.

215 1610 364 1677 Achillea
388 1610 490 1694 igitur
513 1609 614 1676 series
639 1631 658 1676 a
677 1609 849 1676 Posidonio
870 1610 970 1675 ducta
993 1610 1248 1692 honestanda

127 1717 307 1783 Maniliana
336 1717 534 1800 provenerit,
567 1718 672 1783 adhuc
699 1717 869 1782 nescimus.
924 1716 989 1782 Sed
1019 1716 1048 1781 si
1079 1735 1128 1796 ea,
1160 1736 1247 1796 quae

128 1831 292 1906 secuntur,
325 1824 514 1906 philosopho
550 1824 694 1890 tribuere
726 1842 909 1905 possumus,
944 1824 984 1887 de
1015 1822 1066 1888 his
1096 1823 1249 1890 versibus

127 1951 191 1996 non
229 1931 457 1997 dubitabimus.
519 1931 655 1996 Constat
691 1949 812 1995 morem
847 1928 1014 1994 Posidonii
1051 1928 1161 2010 fuisse,
1199 1934 1247 2013 ut,

129 2044 302 2118 antequam
346 2056 404 2102 sua
450 2036 627 2118 proferret,
670 2041 816 2102 veterum
863 2035 1044 2103 sententias
1091 2036 1250 2102 collectas

128 2141 361 2210 enumeraret².

324 2347 353 2406 3.
406 2341 498 2420 Περὶ
520 2348 583 2423 τῆς
607 2342 819 2410 συστάσεως
842 2346 915 2403 τῶν
939 2341 1048 2406 ὅλων.

364 2447 465 2530 (Mau.
482 2447 508 2528 Ι,
531 2451 713 2528 147-167,
734 2446 850 2512 Achill.
872 2467 942 2528 cap.
963 2447 1008 2531 4,)

217 2571 370 2637 Manilius
395 2592 444 2654 ea,
465 2592 548 2653 qnae
569 2571 671 2638 Stoici
695 2573 735 2637 de
760 2571 871 2637 ordine
887 2580 920 2637 et
940 2572 1071 2638 sedibus
1091 2578 1251 2652 quattuor

129 2680 358 2744 elementorum
384 2680 571 2760 docueruut,
597 2679 770 2744 secundum
789 2678 997 2745 Posidonium
1021 2680 1133 2744 tradit.
1169 2680 1250 2747 Con·

127 2785 263 2850 serenda
278 2790 361 2867 sunt,
378 2804 460 2865 qnae
477 2785 574 2850 Arius
594 2806 633 2850 ex
653 2786 759 2866 aliquo
776 2785 959 2868 philosophi
978 2786 1060 2851 libro
1081 2788 1251 2869 excerpsit

128 2892 232 2977 (Stob.
258 2893 316 2958 ecl.
332 2893 359 2974 I,
382 2898 443 2957 185
463 2890 565 2977 W.)³:
591 2893 664 2974 ,Τδν
686 2894 745 2975 μὲν
770 2893 828 2957 οὖν
852 2893 930 2956 κατὰ
953 2894 1010 2976 τὴν
1035 2895 1250 2977 διακόσμησιν

126 3000 295 3082 λεγόμενον
326 3001 448 3082 κόσμον
475 3003 519 3070 ἐἰς
545 3000 659 3070 ταύτας
683 3001 900 3083 διακεκρίσθαι
926 3000 979 3070 τὰς
1003 3002 1112 3082 φύσεις
1130 3022 1135 3033 ·
1151 3001 1185 3064 τὸ
1210 3002 1249 3067 δὲ

126 3108 376 3190 περιφερόμενον
404 3109 491 3188 αὐτῷ
518 3108 693 3188 ἐγκυκλίως
720 3108 833 3190 αἰθέρα
858 3107 935 3170 εἶναι
960 3105 1016 3190 (z
1040 3127 1070 3173 V.
1098 3107 1186 3191 149),
1211 3110 1248 3171 ἕν

127 3213 156 3296 ᾧ
178 3214 215 3276 τὰ
240 3216 339 3294 ἄστρα
364 3215 552 3296 καθίδρυται
568 3212 624 3298 (=
644 3233 674 3280 V.
698 3212 774 3296 150)
796 3264 803 3277 .
824 3264 829 3276 .
850 3213 949 3276 ,Ὑπὸ
974 3214 1008 3276 δὲ
1032 3214 1087 3296 τὴν
1111 3215 1248 3296 σελήνην

126 3321 182 3404 τὴν
212 3328 267 3384 τοῦ
300 3321 352 3383 ὑπ’
382 3322 476 3384 αὐτοῦ
508 3324 690 3404 φερομένου
719 3322 814 3401 ἀέρος
842 3319 897 3404 (--
922 3340 953 3386 v.
981 3318 1069 3404 152),
1100 3321 1162 3383 εἶτα
1190 3321 1248 3404 τὴν

126 3427 217 3510 [τοῦ]
259 3428 375 3496 ὕδατος
416 3426 472 3511 (=
510 3447 541 3493 v.
583 3431 669 3512 155),
706 3429 879 3491 τελευταίαν
921 3427 954 3491 δὲ
996 3427 1051 3509 τὴν
1091 3435 1147 3510 τῆς
1188 3436 1247 3510 γῆς

130 3534 186 3619 (=
211 3553 241 3599 v.
269 3532 345 3616 159)
373 3535 443 3615 περὶ
467 3535 500 3598 τὸ
530 3537 630 3617 μέσον
661 3543 793 3618 σημεῖον
820 3541 875 3597 τοῦ
900 3535 1025 3615 κόσμου
1049 3537 1202 3616 κειμένης,
1228 3538 1247 3597 ὃ

128 3642 166 3724 δι)
191 3648 246 3704 τοῦ
270 3643 387 3711 παντός
412 3643 474 3704 ἔστι
498 3644 586 3707 κάτω
612 3642 668 3728 (=
688 3662 718 3708 v.
742 3641 828 3725 167).
854 3678 897 3685 -
921 3641 966 3723 (p.
990 3646 1052 3705 184
1073 3641 1154 3726 W.):
1182 3641 1245 3724 Τῆς

128 3748 187 3830 γὰρ
212 3756 267 3831 γῆς
290 3750 405 3830 ε’ξοχάς
427 3773 510 3818 τινας
533 3751 670 3832 ἐχούσης
692 3750 885 3830 ἀνωμάλους
910 3748 960 3811 διὰ
984 3755 1039 3811 τοῦ
1064 3750 1179 3818 ’ὕδατος
1203 3752 1245 3818 εἰς

127 3857 213 3936 ὕψος
236 3856 428 3938 ἀνηκούσας,
449 3857 562 3927 τούτοις
587 3858 626 3938 δη
651 3858 768 3939 νήσους
790 3855 975 3918 καλεῖσθαι·
994 3856 1118 3920 τούτων
1135 3856 1170 3918 δὲ
1190 3856 1245 3926 τὰς

128 3960 177 4024 ε’πί
208 3963 314 4025 πλεῖον
343 3963 516 4044 διηκούσας
543 3967 694 4047 ἠπείρους
720 3963 1000 4046 προσηγορεῦσθαι
1029 3963 1083 4024 ὑπ’
1117 3963 1245 4044 ἀγνοίας

208 4081 320 4174 ἶ-ΒίεΙε
339 4121 398 4174 dox.
417 4138 442 4189 p.
461 4123 504 4175 22.

215 4208 225 4238 ²
243 4209 318 4263 Diels
336 4210 387 4264 an.
406 4211 473 4264 Mus.
493 4211 617 4276 XXXIV,
637 4227 662 4278 p.
682 4212 742 4263 489.

216 4296 226 4326 ³
245 4298 319 4352 Diels
338 4299 396 4352 dox.
416 4316 441 4367 p.
462 4301 504 4352 77.
