2760 4852
1200 368 1246 434 13

128 566 349 631 astronomiae
379 566 536 648 dixerint,
567 573 601 632 et
630 568 776 633 breviter
806 570 916 654 tangit
940 590 1010 653 eoS,
1036 571 1091 652 qni
1121 573 1160 637 de
1190 574 1250 638 hae

129 678 203 738 arte
228 673 429 754 scripserint.
457 712 493 720 -
521 674 709 739 Oertissime
732 676 907 741 Posidonio
936 677 1111 744 tribuenda
1137 683 1249 744 eston

128 779 305 860 sententia,
332 799 426 859 qnam
450 781 595 847 Achilles
624 785 682 847 snb
711 783 806 848 finem
834 783 929 850 huius
961 785 1079 866 eapitis
1110 785 1248 868 profert:

127 887 236 960 ,οὐδὲν
274 887 308 950 δὲ
353 889 538 970 παράδοξον
576 890 629 952 ὑπ’
667 891 856 972 ἀνθρώπων
892 894 1047 975 τοσαύτην
1085 894 1248 976 αἱρεθῆναι

127 995 273 1076 θεωρίαν
289 996 398 1077 ’ψυχὴ
429 995 489 1077 γὰρ
518 1002 603 1058 πᾶσα
632 997 792 1067 ἀθάνατος
821 999 1017 1063 κατελθοῦσα
1042 1000 1076 1072 ἒξ
1098 1001 1249 1082 οὐρανοῦ,

127 1103 328 1166 ἀνανεύουσα
353 1104 385 1173 ἒς
408 1110 542 1185 συγγενῆ
560 1103 614 1166 τὸν
632 1104 779 1186 οὐρανὸν,
800 1107 900 1168 πάντα
919 1106 956 1168 τὰ
976 1109 1101 1190 συνήθη
1122 1109 1248 1191 θεωρεῖ.

127 1210 182 1272 καὶ
219 1213 384 1274 ἐπισπᾶται
419 1211 501 1292 πρὸς
537 1213 575 1274 ὃν
611 1212 665 1274 καὶ
701 1213 881 1296 ἀναχθῆναι
917 1213 1105 1295 ἐπείγεταοῙ.
1167 1216 1247 1280 Nam

127 1317 303 1382 secundnm
327 1315 534 1382 Posidonium
558 1317 739 1383 hominibus
764 1319 899 1399 ‚animus
925 1319 1021 1385 datus
1045 1327 1095 1386 est
1120 1341 1160 1386 ex
1184 1322 1249 1386 illis

127 1424 336 1504 sempiternis
373 1422 542 1506 igninus‘²‚
581 1425 634 1505 qni
672 1425 714 1507 ,in
747 1426 808 1490 hoe
842 1425 1016 1507 demissus
1049 1431 1085 1491 nt
1117 1429 1249 1509 propius

128 1529 257 1608 quidem
293 1530 404 1597 divina
439 1551 618 1613 nossemus,
659 1537 871 1600 conversatur
909 1533 1035 1612 quidem
1071 1534 1248 1617 nobiseum,

127 1638 187 1702 sed
211 1639 327 1704 haeret
350 1639 467 1722 origini
491 1636 608 1706 suae‘3.

379 1843 409 1901 2.
455 1835 550 1919 Περὶ
573 1844 636 1920 τῆς
659 1843 731 1901 τῶν
754 1838 852 1900 ὅλων
875 1838 1003 1919 ἀρχῆς.

353 1941 454 2027 (Man.
479 1942 504 2024 1,
532 1943 857 2025 122-14e,Aehill.
882 1961 953 2024 cap.
980 1944 1024 2029 3.)

216 2069 322 2134 Poeta
351 2070 523 2135 nonnullas
551 2076 697 2137 veterum
730 2068 928 2154 sententies,
955 2087 1038 2149 qnae
1067 2069 1108 2133 ad
1139 2069 1248 2134 mnndi

126 2172 284 2255 originem
314 2177 495 2258 pertinent,
520 2176 661 2242 strictim
692 2180 875 2257 enumerat,
904 2174 953 2241 ite
983 2183 1020 2241 ut
1049 2175 1247 2257 singulorum

125 2281 389 2365 philosophorum
420 2284 550 2349 nomina
582 2282 714 2349 omittat
746 2288 780 2349 et
813 2282 956 2364 soeptioe
985 2289 1085 2364 neget
1115 2283 1247 2364 probari

124 2407 231 2472 posse,
252 2390 328 2470 qnid
347 2397 437 2457 reete
456 2396 633 2457 statuatur.
675 2390 763 2455 Nihil
782 2395 834 2455 est
856 2389 890 2454 in
908 2391 969 2454 hoo
992 2390 1061 2454 loeo
1081 2388 1247 2471 singulare

125 2496 190 2560 nisi
219 2498 280 2562 hoe
311 2518 420 2563 unum:
452 2498 688 2564 sententiarum
721 2498 799 2562 ordo
833 2496 874 2561 ad
906 2496 1085 2577 doetrinae,
1110 2515 1173 2559 non
1205 2497 1247 2561 ari
1338 2526 1340 2532 ·

125 2604 282 2685 temporis
313 2605 473 2671 rationem
506 2605 702 2687 compositus
735 2609 795 2668 est.
848 2601 960 2667 Prime
993 2607 1044 2667 est
1075 2601 1161 2683 eins,
1192 2603 1247 2683 qni

127 2717 294 2776 aeternnm
314 2713 465 2778 mnndum
483 2732 554 2778 esse
569 2717 603 2777 et
618 2711 743 2794 origine
759 2729 872 2776 cerere
886 2708 1026 2774 iudicet:
1046 2708 1244 2774 Aristotelis,

127 2817 286 2883 Secuntur
314 2818 490 2902 Hesiodus
516 2819 633 2899 quiex
663 2820 758 2898 chao,
782 2816 958 2898 Epicurus⁷
985 2817 1103 2896 quiex
1128 2816 1245 2882 atomis

127 2924 265 2989 omnium
295 2926 421 2991 initium
451 2928 583 2993 ducunt.
629 2925 727 2992 Venit
759 2924 876 2990 deinde
904 2923 1071 3005 pontano
1096 2942 1165 3004 eos,
1191 2923 1245 3003 qni

128 3049 169 3094 ex
202 3033 370 3100 elementis
402 3035 513 3100 mundi
548 3033 705 3117 originem
736 3035 904 3112 repetunt:
940 3031 1107 3112 Hippasus
1143 3030 1245 3095 Here·

127 3139 285 3220 olitnsque
311 3160 349 3206 ex
374 3141 459 3224 igne,
480 3142 600 3208 Thales
623 3161 664 3207 ex
683 3160 777 3222 aqna,
797 3138 1011 3220 Empedocles
1030 3157 1070 3202 ex
1090 3143 1245 3217 quattuor

127 3246 296 3312 elementis
318 3252 511 3330 generatum
535 3268 607 3314 eum
631 3266 702 3314 esse
726 3242 873 3312 doeent4.

217 3390 224 3419 ¹
245 3390 288 3443 Sio
306 3390 376 3443 Man.
395 3391 431 3457 ΙΙ,
452 3392 503 3444 123
521 3407 572 3456 sip:
593 3388 669 3457 (Quis
688 3388 790 3441 eaelum
810 3385 991 3456 cognovisset)

305 3480 348 3545 ,Ni
367 3486 458 3534 tantos
477 3479 572 3533 animis
592 3479 682 3532 oeulos
699 3483 797 3531 notura
816 3476 934 3530 dedisset

305 3570 505 3640 Cognatamque
523 3570 564 3623 sui
583 3575 700 3622 montem
718 3567 847 3621 vertisset
865 3565 899 3618 ad
917 3565 1001 3633 ipsam
1009 3568 1030 3616 ?‘

216 3658 227 3688 ²
246 3659 299 3713 Cio.
319 3660 351 3712 de
370 3675 426 3727 rep.
445 3660 492 3725 VI,
514 3661 562 3726 15;
586 3658 620 3712 ef.
640 3658 761 3722 Oorssen,
781 3656 814 3709 de
832 3653 976 3708 Posidonio
995 3652 1108 3718 Rhodio,
1133 3652 1243 3706 Bonnoe

127 3750 204 3814 rere,
223 3766 248 3816 p.
268 3751 311 3803 46.

216 3837 304 3892 ³Sen.
325 3855 365 3906 ep.
384 3839 427 3904 41,
448 3840 478 3904 53
499 3837 531 3891 ef.
552 3837 666 3891 Corssen
684 3836 702 3889 l.
721 3836 739 3889 l.
757 3852 782 3903 p.
801 3835 845 3886 43.

215 3927 225 3958 ⁴
243 3928 373 3982 Similiter
381 3927 532 3981 Heracleon
540 3924 740 3995 grammaticus
755 3924 778 3977 is
788 3923 833 3990 qui
843 3921 1062 3976 commentorium
1071 3920 1243 3973 Homericum

125 4017 241 4084 scripsit,
260 4017 326 4070 haee
343 4016 444 4085 placita
463 4021 610 4069 enumerat.
644 4015 716 4068 Sext.
731 4013 791 4066 adv.
810 4011 894 4065 math.
908 4011 942 4075 X,
957 4011 1009 4062 313
1028 4025 1099 4075 sqq.:
1120 4009 1172 4074 ,Ἐξ
1186 4009 1243 4068 ἑνὸς

126 4106 219 4159 δὲκαὶ
243 4114 321 4159 ποιοῦ
344 4107 498 4174 γεγενῆσθαι
524 4104 554 4157 τὰ
578 4103 661 4156 πάντα
680 4101 802 4155 θέλουσιν
827 4102 857 4152 οἵ
871 4120 897 4151 τε
915 4098 974 4165 περὶ
993 4097 1037 4149 τὸν
1051 4099 1178 4151 Ἵππασον
1196 4099 1242 4151 καὶ

123 4195 272 4263 Ἀναξιμένει
291 4195 337 4248 καί
359 4197 433 4264 Θαλῆ
452 4236 458 4248 .
479 4236 484 4246 .
506 4234 511 4247 .
530 4194 560 4246 ἔκ
579 4194 707 4246 πλειόνων
726 4190 819 4244 δὲκαὶ
838 4190 1003 4255 ἀριθμητῶν,
1023 4188 1097 4240 ὂνοῖν
1114 4187 1163 4254 μὲν
1182 4229 1188 4241 .
1209 4229 1215 4240 .
1236 4228 1241 4239 ,

121 4289 254 4356 Ὄμηρος.
271 4327 276 4338 .
293 4286 463 4354 ,Ξενοφάνης
477 4325 482 4336 .
499 4324 504 4337 .
521 4325 526 4336 .
542 4283 688 4349 Εὐριπίδης
704 4322 710 4334 .
727 4322 732 4332 .
749 4321 769 4346 .,
785 4280 815 4331 ἔκ
827 4278 961 4344 τεσσάρων
975 4275 1005 4329 δὲ
1017 4277 1032 4327 ὁ
1043 4276 1242 4344 Ἰιᾷιττεόοκλῆαί

125 4376 201 4429 Diels
219 4376 278 4430 dox.
297 4394 322 4444 p.
341 4377 374 4428 91
394 4391 432 4440 sq.
