<?xml version="1.0" encoding="UTF-8"?>
<!DOCTYPE html PUBLIC "-//W3C//DTD XHTML 1.0 Transitional//EN"
    "http://www.w3.org/TR/xhtml1/DTD/xhtml1-transitional.dtd">
<html xmlns="http://www.w3.org/1999/xhtml" xml:lang="en" lang="en">
 <head>
  <title>
</title>
<meta http-equiv="Content-Type" content="text/html;charset=utf-8" />
  <meta name='ocr-system' content='tesseract 3.04.00' />
  <meta name='ocr-capabilities' content='ocr_page ocr_carea ocr_par ocr_line ocrx_word'/>
</head>
<body>
  <div class='ocr_page' id='page_1' title='image "./deauctoribusqui01malcgoog_0009.png"; bbox 0 0 2760 4852; ppageno 0'>
   <div class='ocr_carea' id='block_1_1' title="bbox 208 324 229 389">
    <p class='ocr_par' dir='ltr' id='par_1_1' title="bbox 208 324 229 389">
     <span class='ocr_line' id='line_1_1' title="bbox 208 324 229 389; baseline 0 0"><span class='ocrx_word' id='word_1_1' title='bbox 208 324 229 389; x_wconf 86' lang='grc'><strong>6</strong></span> 
     </span>
    </p>
   </div>
   <div class='ocr_carea' id='block_1_2' title="bbox 205 522 1329 712">
    <p class='ocr_par' dir='ltr' id='par_1_2' title="bbox 205 522 1329 712">
     <span class='ocr_line' id='line_1_2' title="bbox 205 522 1329 608; baseline -0.004 -17"><span class='ocrx_word' id='word_1_2' title='bbox 205 526 352 608; x_wconf 82' lang='lat' dir='ltr'>legimus.</span> <span class='ocrx_word' id='word_1_3' title='bbox 399 525 532 606; x_wconf 79' lang='lat' dir='ltr'>Confer,</span> <span class='ocrx_word' id='word_1_4' title='bbox 563 545 697 605; x_wconf 72' lang='lat' dir='ltr'>quaeso,</span> <span class='ocrx_word' id='word_1_5' title='bbox 730 545 800 589; x_wconf 86' lang='lat' dir='ltr'>eum</span> <span class='ocrx_word' id='word_1_6' title='bbox 828 525 923 589; x_wconf 92' lang='lat' dir='ltr'>huius</span> <span class='ocrx_word' id='word_1_7' title='bbox 954 523 1097 588; x_wconf 85' lang='lat' dir='ltr'>auctoris</span> <span class='ocrx_word' id='word_1_8' title='bbox 1128 522 1244 604; x_wconf 82' lang='lat' dir='ltr'>capite</span> <span class='ocrx_word' id='word_1_9' title='bbox 1276 523 1329 603; x_wconf 86' lang='lat' dir='ltr'>IV,</span> 
     </span>
     <span class='ocr_line' id='line_1_3' title="bbox 206 629 1140 712; baseline -0.004 -16"><span class='ocrx_word' id='word_1_10' title='bbox 206 652 289 712; x_wconf 85' lang='lat' dir='ltr'>quae</span> <span class='ocrx_word' id='word_1_11' title='bbox 312 632 368 696; x_wconf 90' lang='lat' dir='ltr'>ille</span> <span class='ocrx_word' id='word_1_12' title='bbox 391 633 417 712; x_wconf 86' lang='lat' dir='ltr'>l,</span> <span class='ocrx_word' id='word_1_13' title='bbox 442 637 616 696; x_wconf 71' lang='lat'>564-593</span> <span class='ocrx_word' id='word_1_14' title='bbox 641 633 681 696; x_wconf 76' lang='lat' dir='ltr'>(le</span> <span class='ocrx_word' id='word_1_15' title='bbox 705 631 873 712; x_wconf 81' lang='lat' dir='ltr'>parallelis</span> <span class='ocrx_word' id='word_1_16' title='bbox 897 629 1027 695; x_wconf 84' lang='lat' dir='ltr'>circulis</span> <span class='ocrx_word' id='word_1_17' title='bbox 1050 629 1140 693; x_wconf 79' lang='lat' dir='ltr'>dicit.</span> 
     </span>
    </p>
   </div>
   <div class='ocr_carea' id='block_1_3' title="bbox 205 736 737 1018">
    <p class='ocr_par' dir='ltr' id='par_1_3' title="bbox 205 736 737 1018">
     <span class='ocr_line' id='line_1_4' title="bbox 293 736 648 819; baseline -0.003 -17"><span class='ocrx_word' id='word_1_18' title='bbox 293 738 476 803; x_wconf 82' lang='lat' dir='ltr'>Manilius</span> <span class='ocrx_word' id='word_1_19' title='bbox 500 740 524 819; x_wconf 86' lang='lat' dir='ltr'>l,</span> <span class='ocrx_word' id='word_1_20' title='bbox 551 736 648 803; x_wconf 68' lang='lat'>564¹:</span> 
     </span>
     <span class='ocr_line' id='line_1_5' title="bbox 205 845 737 910; baseline -0.002 -1"><span class='ocrx_word' id='word_1_21' title='bbox 205 845 351 910; x_wconf 82' lang='lat' dir='ltr'>Circnlus</span> <span class='ocrx_word' id='word_1_22' title='bbox 367 865 388 910; x_wconf 88' lang='lat' dir='ltr'>a</span> <span class='ocrx_word' id='word_1_23' title='bbox 407 865 528 910; x_wconf 90' lang='lat' dir='ltr'>summo</span> <span class='ocrx_word' id='word_1_24' title='bbox 548 850 737 910; x_wconf 83' lang='lat' dir='ltr'>nascentem</span> 
     </span>
     <span class='ocr_line' id='line_1_6' title="bbox 249 952 550 1018; baseline 0 -1"><span class='ocrx_word' id='word_1_25' title='bbox 249 952 375 1018; x_wconf 85' lang='lat' dir='ltr'>uertice</span> <span class='ocrx_word' id='word_1_26' title='bbox 399 953 550 1017; x_wconf 88' lang='lat' dir='ltr'>muudum</span> 
     </span>
    </p>
   </div>
   <div class='ocr_carea' id='block_1_4' title="bbox 204 1165 736 1338">
    <p class='ocr_par' dir='ltr' id='par_1_4' title="bbox 204 1165 736 1338">
     <span class='ocr_line' id='line_1_7' title="bbox 204 1165 736 1247; baseline 0 -17"><span class='ocrx_word' id='word_1_27' title='bbox 204 1165 350 1231; x_wconf 78' lang='lat' dir='ltr'>Circulos</span> <span class='ocrx_word' id='word_1_28' title='bbox 360 1166 402 1230; x_wconf 85' lang='lat' dir='ltr'>ad</span> <span class='ocrx_word' id='word_1_29' title='bbox 415 1168 545 1230; x_wconf 86' lang='lat' dir='ltr'>boream</span> <span class='ocrx_word' id='word_1_30' title='bbox 557 1165 736 1247; x_wconf 73' lang='lat' dir='ltr'>fulgentem</span> 
     </span>
     <span class='ocr_line' id='line_1_8' title="bbox 248 1273 535 1338; baseline -0.007 0"><span class='ocrx_word' id='word_1_31' title='bbox 248 1273 389 1338; x_wconf 82' lang='lat' dir='ltr'>sustinet</span> <span class='ocrx_word' id='word_1_32' title='bbox 412 1274 535 1338; x_wconf 76' lang='lat' dir='ltr'>Arcton</span> 
     </span>
    </p>
   </div>
   <div class='ocr_carea' id='block_1_5' title="bbox 204 1700 739 1888">
    <p class='ocr_par' dir='ltr' id='par_1_5' title="bbox 204 1700 739 1888">
     <span class='ocr_line' id='line_1_9' title="bbox 204 1700 739 1783; baseline -0.004 -18"><span class='ocrx_word' id='word_1_33' title='bbox 204 1700 331 1780; x_wconf 82' lang='lat' dir='ltr'>Sexque</span> <span class='ocrx_word' id='word_1_34' title='bbox 358 1700 444 1783; x_wconf 80' lang='lat' dir='ltr'>fugit</span> <span class='ocrx_word' id='word_1_35' title='bbox 467 1700 589 1765; x_wconf 82' lang='lat' dir='ltr'>solidas</span> <span class='ocrx_word' id='word_1_36' title='bbox 612 1720 632 1765; x_wconf 88' lang='lat' dir='ltr'>a</span> <span class='ocrx_word' id='word_1_37' title='bbox 656 1700 739 1764; x_wconf 89' lang='lat' dir='ltr'>oaeli</span> 
     </span>
     <span class='ocr_line' id='line_1_10' title="bbox 248 1807 519 1888; baseline -0.004 -16"><span class='ocrx_word' id='word_1_38' title='bbox 248 1807 374 1872; x_wconf 78' lang='lat' dir='ltr'>vertice</span> <span class='ocrx_word' id='word_1_39' title='bbox 397 1813 519 1888; x_wconf 70' lang='lat' dir='ltr'>paries.</span> 
     </span>
    </p>
   </div>
   <div class='ocr_carea' id='block_1_6' title="bbox 206 2127 741 2746">
    <p class='ocr_par' dir='ltr' id='par_1_6' title="bbox 206 2127 739 2316">
     <span class='ocr_line' id='line_1_11' title="bbox 206 2127 739 2193; baseline 0.006 -3"><span class='ocrx_word' id='word_1_40' title='bbox 206 2127 301 2191; x_wconf 77' lang='lat' dir='ltr'>Alter</span> <span class='ocrx_word' id='word_1_41' title='bbox 332 2127 375 2192; x_wconf 88' lang='lat' dir='ltr'>ad</span> <span class='ocrx_word' id='word_1_42' title='bbox 403 2127 540 2192; x_wconf 83' lang='lat' dir='ltr'>extremi</span> <span class='ocrx_word' id='word_1_43' title='bbox 564 2129 739 2193; x_wconf 82' lang='lat' dir='ltr'>‹lerurreus</span> 
     </span>
     <span class='ocr_line' id='line_1_12' title="bbox 251 2233 510 2316; baseline 0.004 -19"><span class='ocrx_word' id='word_1_44' title='bbox 251 2233 360 2298; x_wconf 87' lang='lat' dir='ltr'>sidera</span> <span class='ocrx_word' id='word_1_45' title='bbox 384 2233 510 2316; x_wconf 81' lang='lat' dir='ltr'>Caneri,</span> 
     </span>
    </p>

    <p class='ocr_par' dir='ltr' id='par_1_7' title="bbox 207 2341 740 2530">
     <span class='ocr_line' id='line_1_13' title="bbox 207 2341 740 2419; baseline 0.006 -16"><span class='ocrx_word' id='word_1_46' title='bbox 207 2341 245 2404; x_wconf 91' lang='lat' dir='ltr'>In</span> <span class='ocrx_word' id='word_1_47' title='bbox 273 2359 335 2419; x_wconf 93' lang='lat' dir='ltr'>quo</span> <span class='ocrx_word' id='word_1_48' title='bbox 366 2346 567 2406; x_wconf 81' lang='lat' dir='ltr'>consummat</span> <span class='ocrx_word' id='word_1_49' title='bbox 589 2343 740 2408; x_wconf 85' lang='lat' dir='ltr'>Phoebus</span> 
     </span>
     <span class='ocr_line' id='line_1_14' title="bbox 251 2448 637 2530; baseline 0.01 -19"><span class='ocrx_word' id='word_1_50' title='bbox 251 2448 419 2528; x_wconf 81' lang='lat' dir='ltr'>lucemque</span> <span class='ocrx_word' id='word_1_51' title='bbox 442 2468 637 2530; x_wconf 77' lang='lat' dir='ltr'>moramque,</span> 
     </span>
    </p>

    <p class='ocr_par' dir='ltr' id='par_1_8' title="bbox 208 2556 741 2746">
     <span class='ocr_line' id='line_1_15' title="bbox 208 2556 741 2640; baseline 0.008 -21"><span class='ocrx_word' id='word_1_52' title='bbox 208 2556 382 2636; x_wconf 79' lang='lat' dir='ltr'>Tardaque</span> <span class='ocrx_word' id='word_1_53' title='bbox 401 2576 461 2638; x_wconf 87' lang='lat' dir='ltr'>per</span> <span class='ocrx_word' id='word_1_54' title='bbox 480 2558 594 2640; x_wconf 84' lang='lat' dir='ltr'>longos</span> <span class='ocrx_word' id='word_1_55' title='bbox 610 2557 741 2623; x_wconf 86' lang='lat' dir='ltr'>oireum-</span> 
     </span>
     <span class='ocr_line' id='line_1_16' title="bbox 252 2661 598 2746; baseline 0.012 -20"><span class='ocrx_word' id='word_1_56' title='bbox 252 2661 318 2727; x_wconf 83' lang='lat' dir='ltr'>fert</span> <span class='ocrx_word' id='word_1_57' title='bbox 341 2663 462 2729; x_wconf 88' lang='lat' dir='ltr'>lumina</span> <span class='ocrx_word' id='word_1_58' title='bbox 486 2663 598 2746; x_wconf 75' lang='lat' dir='ltr'>flexum,</span> 
     </span>
    </p>
   </div>
   <div class='ocr_carea' id='block_1_7' title="bbox 209 2981 745 3582">
    <p class='ocr_par' dir='ltr' id='par_1_9' title="bbox 209 2981 743 3172">
     <span class='ocr_line' id='line_1_17' title="bbox 209 2981 743 3048; baseline 0.004 -3"><span class='ocrx_word' id='word_1_59' title='bbox 209 2981 379 3047; x_wconf 80' lang='lat' dir='ltr'>Aestivurn</span> <span class='ocrx_word' id='word_1_60' title='bbox 407 2981 513 3047; x_wconf 85' lang='lat' dir='ltr'>medio</span> <span class='ocrx_word' id='word_1_61' title='bbox 542 3002 657 3048; x_wconf 92' lang='lat' dir='ltr'>nomen</span> <span class='ocrx_word' id='word_1_62' title='bbox 681 2982 743 3047; x_wconf 89' lang='lat' dir='ltr'>sibi</span> 
     </span>
     <span class='ocr_line' id='line_1_18' title="bbox 255 3087 551 3172; baseline 0.003 -20"><span class='ocrx_word' id='word_1_63' title='bbox 255 3087 353 3152; x_wconf 80' lang='lat' dir='ltr'>sumit</span> <span class='ocrx_word' id='word_1_64' title='bbox 376 3090 417 3154; x_wconf 90' lang='lat' dir='ltr'>ab</span> <span class='ocrx_word' id='word_1_65' title='bbox 442 3094 551 3172; x_wconf 67' lang='lat' dir='ltr'>nostru</span> 
     </span>
    </p>

    <p class='ocr_par' dir='ltr' id='par_1_10' title="bbox 211 3194 744 3380">
     <span class='ocr_line' id='line_1_19' title="bbox 211 3194 744 3277; baseline 0.008 -19"><span class='ocrx_word' id='word_1_66' title='bbox 211 3194 381 3276; x_wconf 84' lang='lat' dir='ltr'>Temporis</span> <span class='ocrx_word' id='word_1_67' title='bbox 420 3201 454 3260; x_wconf 80' lang='lat' dir='ltr'>et</span> <span class='ocrx_word' id='word_1_68' title='bbox 491 3194 586 3261; x_wconf 82' lang='lat' dir='ltr'>titulo</span> <span class='ocrx_word' id='word_1_69' title='bbox 620 3197 744 3277; x_wconf 82' lang='lat' dir='ltr'>potitur</span> 
     </span>
     <span class='ocr_line' id='line_1_20' title="bbox 255 3302 571 3380; baseline 0.006 -15"><span class='ocrx_word' id='word_1_70' title='bbox 255 3307 406 3380; x_wconf 77' lang='lat' dir='ltr'>metaque</span> <span class='ocrx_word' id='word_1_71' title='bbox 429 3302 571 3367; x_wconf 85' lang='lat' dir='ltr'>volantis</span> 
     </span>
    </p>

    <p class='ocr_par' dir='ltr' id='par_1_11' title="bbox 213 3407 745 3582">
     <span class='ocr_line' id='line_1_21' title="bbox 213 3407 745 3493; baseline 0.009 -21"><span class='ocrx_word' id='word_1_72' title='bbox 213 3407 297 3473; x_wconf 85' lang='lat' dir='ltr'>Solis</span> <span class='ocrx_word' id='word_1_73' title='bbox 330 3414 364 3472; x_wconf 76' lang='lat' dir='ltr'>et</span> <span class='ocrx_word' id='word_1_74' title='bbox 397 3414 559 3474; x_wconf 80' lang='lat' dir='ltr'>extremos</span> <span class='ocrx_word' id='word_1_75' title='bbox 592 3410 745 3493; x_wconf 81' lang='lat' dir='ltr'>designat</span> 
     </span>
     <span class='ocr_line' id='line_1_22' title="bbox 256 3515 519 3582; baseline 0.004 -2"><span class='ocrx_word' id='word_1_76' title='bbox 256 3515 402 3582; x_wconf 86' lang='lat' dir='ltr'>fervidus</span> <span class='ocrx_word' id='word_1_77' title='bbox 426 3521 519 3581; x_wconf 72' lang='lat' dir='ltr'>aolus</span> 
     </span>
    </p>
   </div>
   <div class='ocr_carea' id='block_1_8' title="bbox 213 3728 747 3905">
    <p class='ocr_par' dir='ltr' id='par_1_12' title="bbox 213 3728 747 3905">
     <span class='ocr_line' id='line_1_23' title="bbox 213 3728 747 3812; baseline 0.015 -21"><span class='ocrx_word' id='word_1_78' title='bbox 213 3728 259 3792; x_wconf 81' lang='lat' dir='ltr'>Et</span> <span class='ocrx_word' id='word_1_79' title='bbox 269 3728 410 3808; x_wconf 87' lang='lat' dir='ltr'>quinque</span> <span class='ocrx_word' id='word_1_80' title='bbox 419 3729 453 3794; x_wconf 93' lang='lat' dir='ltr'>in</span> <span class='ocrx_word' id='word_1_81' title='bbox 463 3735 576 3810; x_wconf 63' lang='lat' dir='ltr'>parles</span> <span class='ocrx_word' id='word_1_82' title='bbox 587 3732 747 3812; x_wconf 89' lang='lat' dir='ltr'>aquilonis</span> 
     </span>
     <span class='ocr_line' id='line_1_24' title="bbox 260 3835 540 3905; baseline 0.018 -6"><span class='ocrx_word' id='word_1_83' title='bbox 260 3835 363 3901; x_wconf 78' lang='lat' dir='ltr'>distat</span> <span class='ocrx_word' id='word_1_84' title='bbox 386 3838 428 3902; x_wconf 89' lang='lat' dir='ltr'>ab</span> <span class='ocrx_word' id='word_1_85' title='bbox 453 3840 540 3905; x_wconf 89' lang='lat' dir='ltr'>orbe.</span> 
     </span>
    </p>
   </div>
   <div class='ocr_carea' id='block_1_9' title="bbox 216 4052 428 4060">
    <p class='ocr_par' dir='ltr' id='par_1_13' title="bbox 216 4052 428 4060">
     <span class='ocr_line' id='line_1_25' title="bbox 216 4052 428 4060; baseline 0.009 -2"><span class='ocrx_word' id='word_1_86' title='bbox 216 4052 428 4060; x_wconf 41' lang='lat' dir='ltr'>——Q</span> 
     </span>
    </p>
   </div>
   <div class='ocr_carea' id='block_1_10' title="bbox 306 4100 689 4159">
    <p class='ocr_par' dir='ltr' id='par_1_14' title="bbox 306 4100 689 4159">
     <span class='ocr_line' id='line_1_26' title="bbox 306 4100 689 4159; baseline 0.013 -5"><span class='ocrx_word' id='word_1_87' title='bbox 306 4100 316 4137; x_wconf 90' lang='lat'>¹</span> <span class='ocrx_word' id='word_1_88' title='bbox 334 4102 375 4155; x_wconf 78' lang='lat' dir='ltr'>erl.</span> <span class='ocrx_word' id='word_1_89' title='bbox 393 4103 484 4157; x_wconf 82' lang='lat' dir='ltr'>Jacob.</span> <span class='ocrx_word' id='word_1_90' title='bbox 502 4106 591 4159; x_wconf 85' lang='lat' dir='ltr'>Berol.</span> <span class='ocrx_word' id='word_1_91' title='bbox 613 4107 689 4159; x_wconf 88' lang='grc'><strong>1846.</strong></span> 
     </span>
    </p>
   </div>
   <div class='ocr_carea' id='block_1_11' title="bbox 858 733 1265 816">
    <p class='ocr_par' dir='ltr' id='par_1_15' title="bbox 858 733 1265 816">
     <span class='ocr_line' id='line_1_27' title="bbox 858 733 1265 816; baseline -0.005 -14"><span class='ocrx_word' id='word_1_92' title='bbox 858 736 1039 802; x_wconf 85' lang='lat' dir='ltr'>Geminus</span> <span class='ocrx_word' id='word_1_93' title='bbox 1067 755 1146 816; x_wconf 81' lang='lat' dir='ltr'>cap.</span> <span class='ocrx_word' id='word_1_94' title='bbox 1173 733 1265 800; x_wconf 82' lang='lat' dir='ltr'><strong>IV²:</strong></span> 
     </span>
    </p>
   </div>
   <div class='ocr_carea' id='block_1_12' title="bbox 790 1163 1330 1996">
    <p class='ocr_par' dir='ltr' id='par_1_16' title="bbox 790 1163 1330 1675">
     <span class='ocr_line' id='line_1_28' title="bbox 840 1163 1330 1233; baseline -0.006 -5"><span class='ocrx_word' id='word_1_95' title='bbox 840 1170 879 1228; x_wconf 75' lang='lat'>14</span> <span class='ocrx_word' id='word_1_96' title='bbox 902 1165 933 1228; x_wconf 69' lang='lat' dir='ltr'>C</span> <span class='ocrx_word' id='word_1_97' title='bbox 972 1163 1064 1233; x_wconf 73' lang='grc' dir='ltr'><em>οὗτος</em></span> <span class='ocrx_word' id='word_1_98' title='bbox 1094 1163 1129 1224; x_wconf 69' lang='grc' dir='ltr'>δὲ</span> <span class='ocrx_word' id='word_1_99' title='bbox 1160 1164 1179 1226; x_wconf 86' lang='grc' dir='ltr'>ὁ</span> <span class='ocrx_word' id='word_1_100' title='bbox 1212 1165 1330 1233; x_wconf 76' lang='grc' dir='ltr'><em>κύκλος</em></span> 
     </span>
     <span class='ocr_line' id='line_1_29' title="bbox 791 1271 1328 1354; baseline -0.004 -20"><span class='ocrx_word' id='word_1_101' title='bbox 791 1275 824 1335; x_wconf 72' lang='grc' dir='ltr'><em>ε”ν</em></span> <span class='ocrx_word' id='word_1_102' title='bbox 855 1282 893 1354; x_wconf 79' lang='grc' dir='ltr'>τῇ</span> <span class='ocrx_word' id='word_1_103' title='bbox 923 1273 1001 1334; x_wconf 71' lang='grc' dir='ltr'>καθ’</span> <span class='ocrx_word' id='word_1_104' title='bbox 1036 1273 1121 1352; x_wconf 79' lang='grc' dir='ltr'><em>ἡμᾶς</em></span> <span class='ocrx_word' id='word_1_105' title='bbox 1152 1271 1328 1352; x_wconf 73' lang='grc' dir='ltr'><em>οἰκουμένῃ</em></span> 
     </span>
     <span class='ocr_line' id='line_1_30' title="bbox 793 1377 1330 1460; baseline -0.002 -18"><span class='ocrx_word' id='word_1_106' title='bbox 793 1379 855 1442; x_wconf 71' lang='grc' dir='ltr'>ὑπὸ</span> <span class='ocrx_word' id='word_1_107' title='bbox 891 1386 947 1442; x_wconf 77' lang='grc' dir='ltr'><em>τοτ’·</em></span> <span class='ocrx_word' id='word_1_108' title='bbox 988 1377 1189 1460; x_wconf 68' lang='grc' dir='ltr'>ἐμπροσθίων</span> <span class='ocrx_word' id='word_1_109' title='bbox 1229 1378 1330 1448; x_wconf 80' lang='grc' dir='ltr'><strong><em>ποδὸς</em></strong></span> 
     </span>
     <span class='ocr_line' id='line_1_31' title="bbox 790 1486 1328 1569; baseline -0.002 -21"><span class='ocrx_word' id='word_1_110' title='bbox 790 1494 843 1569; x_wconf 84' lang='grc' dir='ltr'>τῆς</span> <span class='ocrx_word' id='word_1_111' title='bbox 891 1486 1029 1567; x_wconf 74' lang='grc' dir='ltr'>μεγάλης</span> <span class='ocrx_word' id='word_1_112' title='bbox 1074 1486 1193 1565; x_wconf 79' lang='grc' dir='ltr'><strong>ἄρκτου</strong></span> <span class='ocrx_word' id='word_1_113' title='bbox 1242 1509 1328 1567; x_wconf 83' lang='grc' dir='ltr'><em>περι·</em></span> 
     </span>
     <span class='ocr_line' id='line_1_32' title="bbox 790 1595 951 1675; baseline 0.019 -24"><span class='ocrx_word' id='word_1_114' title='bbox 790 1595 951 1675; x_wconf 63' lang='grc' dir='ltr'><em>γράφεται,</em></span> 
     </span>
    </p>

    <p class='ocr_par' dir='ltr' id='par_1_17' title="bbox 792 1697 1329 1996">
     <span class='ocr_line' id='line_1_33' title="bbox 841 1697 1329 1779; baseline 0 -17"><span class='ocrx_word' id='word_1_115' title='bbox 841 1707 880 1764; x_wconf 81' lang='lat'>19</span> <span class='ocrx_word' id='word_1_116' title='bbox 905 1700 941 1763; x_wconf 91' lang='lat' dir='ltr'>B.</span> <span class='ocrx_word' id='word_1_117' title='bbox 967 1701 985 1759; x_wconf 80' lang='grc' dir='ltr'>ὁ</span> <span class='ocrx_word' id='word_1_118' title='bbox 1009 1697 1157 1779; x_wconf 81' lang='grc' dir='ltr'>ἀρκτικὸς</span> <span class='ocrx_word' id='word_1_119' title='bbox 1181 1699 1250 1761; x_wconf 79' lang='grc' dir='ltr'>ἀπὸ</span> <span class='ocrx_word' id='word_1_120' title='bbox 1274 1704 1329 1762; x_wconf 85' lang='grc' dir='ltr'>τοῦ</span> 
     </span>
     <span class='ocr_line' id='line_1_34' title="bbox 792 1805 1329 1888; baseline 0 -19"><span class='ocrx_word' id='word_1_121' title='bbox 792 1808 893 1869; x_wconf 80' lang='grc' dir='ltr'><em>πόλου</em></span> <span class='ocrx_word' id='word_1_122' title='bbox 925 1807 1156 1887; x_wconf 70' lang='grc' dir='ltr'><em>καταγράφεται</em></span> <span class='ocrx_word' id='word_1_123' title='bbox 1196 1805 1329 1888; x_wconf 70' lang='grc' dir='ltr'><em>ἀντέχων</em></span> 
     </span>
     <span class='ocr_line' id='line_1_35' title="bbox 793 1913 1014 1996; baseline -0.005 -20"><span class='ocrx_word' id='word_1_124' title='bbox 793 1913 949 1996; x_wconf 76' lang='grc' dir='ltr'><em>ἕξηκοστά</em></span> <span class='ocrx_word' id='word_1_125' title='bbox 972 1915 1014 1986; x_wconf 79' lang='grc' dir='ltr'>ἕξ.</span> 
     </span>
    </p>
   </div>
   <div class='ocr_carea' id='block_1_13' title="bbox 794 2126 1334 2960">
    <p class='ocr_par' dir='ltr' id='par_1_18' title="bbox 794 2126 1331 2305">
     <span class='ocr_line' id='line_1_36' title="bbox 841 2126 1331 2208; baseline -0.008 -15"><span class='ocrx_word' id='word_1_126' title='bbox 841 2133 882 2192; x_wconf 84' lang='grc'>14</span> <span class='ocrx_word' id='word_1_127' title='bbox 905 2127 939 2192; x_wconf 79' lang='lat' dir='ltr'>C.</span> <span class='ocrx_word' id='word_1_128' title='bbox 968 2127 1098 2208; x_wconf 82' lang='grc' dir='ltr'><em>Θερινὸς</em></span> <span class='ocrx_word' id='word_1_129' title='bbox 1122 2126 1156 2188; x_wconf 73' lang='grc' dir='ltr'>δὲ</span> <span class='ocrx_word' id='word_1_130' title='bbox 1175 2127 1331 2207; x_wconf 76' lang='grc' dir='ltr'><strong><em>τροπικὰς</em></strong></span> 
     </span>
     <span class='ocr_line' id='line_1_37' title="bbox 794 2236 1105 2305; baseline -0.01 -6"><span class='ocrx_word' id='word_1_131' title='bbox 794 2237 910 2305; x_wconf 72' lang='grc' dir='ltr'><em>κύκλος</em></span> <span class='ocrx_word' id='word_1_132' title='bbox 934 2236 1041 2298; x_wconf 81' lang='grc' dir='ltr'><em>ε’στὶν.</em></span> <span class='ocrx_word' id='word_1_133' title='bbox 1067 2285 1073 2296; x_wconf 94' lang='grc'><em>.</em></span> <span class='ocrx_word' id='word_1_134' title='bbox 1099 2285 1105 2297; x_wconf 93' lang='grc'><strong>.</strong></span> 
     </span>
    </p>

    <p class='ocr_par' dir='ltr' id='par_1_19' title="bbox 794 2340 1334 2960">
     <span class='ocr_line' id='line_1_38' title="bbox 841 2340 1331 2424; baseline -0.002 -18"><span class='ocrx_word' id='word_1_135' title='bbox 841 2349 881 2407; x_wconf 77' lang='lat'>14</span> <span class='ocrx_word' id='word_1_136' title='bbox 904 2343 944 2406; x_wconf 91' lang='lat' dir='ltr'>D.</span> <span class='ocrx_word' id='word_1_137' title='bbox 970 2343 1020 2424; x_wconf 73' lang='grc' dir='ltr'>ἐφ’</span> <span class='ocrx_word' id='word_1_138' title='bbox 1046 2340 1085 2404; x_wconf 79' lang='grc' dir='ltr'>οὗ</span> <span class='ocrx_word' id='word_1_139' title='bbox 1113 2342 1284 2423; x_wconf 76' lang='grc' dir='ltr'><em>γενόμενος</em></span> <span class='ocrx_word' id='word_1_140' title='bbox 1313 2344 1331 2405; x_wconf 87' lang='grc' dir='ltr'>ὁ</span> 
     </span>
     <span class='ocr_line' id='line_1_39' title="bbox 799 2450 1332 2532; baseline 0.002 -20"><span class='ocrx_word' id='word_1_141' title='bbox 799 2451 883 2532; x_wconf 59' lang='lat' dir='ltr'>‘jaloe</span> <span class='ocrx_word' id='word_1_142' title='bbox 928 2450 985 2532; x_wconf 79' lang='grc' dir='ltr'><em>τὴν</em></span> <span class='ocrx_word' id='word_1_143' title='bbox 1033 2450 1163 2530; x_wconf 75' lang='grc' dir='ltr'>θερινὴν</span> <span class='ocrx_word' id='word_1_144' title='bbox 1209 2451 1332 2532; x_wconf 81' lang='grc' dir='ltr'><em>τροπὴν</em></span> 
     </span>
     <span class='ocr_line' id='line_1_40' title="bbox 795 2556 1332 2640; baseline 0.006 -21"><span class='ocrx_word' id='word_1_145' title='bbox 795 2564 946 2620; x_wconf 80' lang='grc' dir='ltr'><em>ποιεῖται·</em></span> <span class='ocrx_word' id='word_1_146' title='bbox 965 2559 999 2619; x_wconf 82' lang='grc' dir='ltr'><em>ἒν</em></span> <span class='ocrx_word' id='word_1_147' title='bbox 1039 2556 1060 2640; x_wconf 81' lang='grc' dir='ltr'><em>ᾗ</em></span> <span class='ocrx_word' id='word_1_148' title='bbox 1099 2557 1227 2638; x_wconf 27' lang='grc' dir='ltr'><em>λιιεγιίτιη</em></span> <span class='ocrx_word' id='word_1_149' title='bbox 1272 2558 1332 2638; x_wconf 84' lang='grc' dir='ltr'><em>μὲν</em></span> 
     </span>
     <span class='ocr_line' id='line_1_41' title="bbox 794 2665 1334 2748; baseline 0.004 -21"><span class='ocrx_word' id='word_1_150' title='bbox 794 2671 909 2727; x_wconf 78' lang='grc' dir='ltr'><em>πασῶν</em></span> <span class='ocrx_word' id='word_1_151' title='bbox 943 2671 1008 2727; x_wconf 82' lang='grc' dir='ltr'><em>τῶν</em></span> <span class='ocrx_word' id='word_1_152' title='bbox 1046 2666 1079 2726; x_wconf 80' lang='grc' dir='ltr'><em>ἕν</em></span> <span class='ocrx_word' id='word_1_153' title='bbox 1116 2673 1162 2745; x_wconf 78' lang='grc' dir='ltr'>τῷ</span> <span class='ocrx_word' id='word_1_154' title='bbox 1197 2665 1334 2748; x_wconf 75' lang='grc' dir='ltr'><em>ἐνιαυτῷ</em></span> 
     </span>
     <span class='ocr_line' id='line_1_42' title="bbox 795 2770 1332 2854; baseline 0.006 -21"><span class='ocrx_word' id='word_1_155' title='bbox 795 2774 908 2854; x_wconf 74' lang='grc' dir='ltr'><em>ἡμέρα,</em></span> <span class='ocrx_word' id='word_1_156' title='bbox 951 2773 1094 2854; x_wconf 72' lang='grc' dir='ltr'><em>ἐλαχίστη</em></span> <span class='ocrx_word' id='word_1_157' title='bbox 1139 2770 1173 2833; x_wconf 78' lang='grc' dir='ltr'>δὲ</span> <span class='ocrx_word' id='word_1_158' title='bbox 1215 2773 1234 2852; x_wconf 84' lang='grc' dir='ltr'>ἡ</span> <span class='ocrx_word' id='word_1_159' title='bbox 1274 2773 1332 2846; x_wconf 81' lang='grc' dir='ltr'><em>νὺξ</em></span> 
     </span>
     <span class='ocr_line' id='line_1_43' title="bbox 795 2880 917 2960; baseline -0.008 -19"><span class='ocrx_word' id='word_1_160' title='bbox 795 2880 917 2960; x_wconf 78' lang='grc' dir='ltr'><em>γίνεται.</em></span> 
     </span>
    </p>
   </div>
   <div class='ocr_carea' id='block_1_14' title="bbox 798 3198 1336 3388">
    <p class='ocr_par' dir='ltr' id='par_1_20' title="bbox 798 3198 1336 3388">
     <span class='ocr_line' id='line_1_44' title="bbox 841 3198 1335 3282; baseline 0 -20"><span class='ocrx_word' id='word_1_161' title='bbox 841 3198 921 3281; x_wconf 82' lang='grc' dir='ltr'><em>μετὰ</em></span> <span class='ocrx_word' id='word_1_162' title='bbox 940 3201 1047 3281; x_wconf 83' lang='grc' dir='ltr'><em>μέντοι</em></span> <span class='ocrx_word' id='word_1_163' title='bbox 1071 3222 1105 3279; x_wconf 77' lang='grc' dir='ltr'>γε</span> <span class='ocrx_word' id='word_1_164' title='bbox 1126 3198 1181 3279; x_wconf 80' lang='grc' dir='ltr'><em>τὴν</em></span> <span class='ocrx_word' id='word_1_165' title='bbox 1203 3199 1335 3282; x_wconf 77' lang='grc' dir='ltr'><em>θερινὴν</em></span> 
     </span>
     <span class='ocr_line' id='line_1_45' title="bbox 798 3304 1336 3388; baseline -0.002 -20"><span class='ocrx_word' id='word_1_166' title='bbox 798 3306 918 3388; x_wconf 81' lang='grc' dir='ltr'><em>τροπὴν</em></span> <span class='ocrx_word' id='word_1_167' title='bbox 928 3307 1033 3369; x_wconf 81' lang='grc' dir='ltr'><em>οὐκέτι</em></span> <span class='ocrx_word' id='word_1_168' title='bbox 1042 3305 1125 3386; x_wconf 80' lang='grc' dir='ltr'><em>πρὸς</em></span> <span class='ocrx_word' id='word_1_169' title='bbox 1135 3304 1336 3386; x_wconf 75' lang='grc' dir='ltr'>τάςᾶρκτους</span> 
     </span>
    </p>
   </div>
   <div class='ocr_carea' id='block_1_15' title="bbox 799 3413 1339 4029">
    <p class='ocr_par' dir='ltr' id='par_1_21' title="bbox 799 3413 1335 3707">
     <span class='ocr_line' id='line_1_46' title="bbox 799 3413 1335 3496; baseline 0 -20"><span class='ocrx_word' id='word_1_170' title='bbox 799 3414 991 3494; x_wconf 77' lang='grc' dir='ltr'><em>παροδεύων</em></span> <span class='ocrx_word' id='word_1_171' title='bbox 1014 3413 1136 3494; x_wconf 71' lang='grc' dir='ltr'><em>ὁῆλιας</em></span> <span class='ocrx_word' id='word_1_172' title='bbox 1158 3414 1335 3496; x_wconf 75' lang='grc' dir='ltr'><em>θεωρεῖται,</em></span> 
     </span>
     <span class='ocr_line' id='line_1_47' title="bbox 800 3519 1335 3601; baseline 0.004 -18"><span class='ocrx_word' id='word_1_173' title='bbox 800 3520 866 3583; x_wconf 78' lang='grc' dir='ltr'>ἀλλ’</span> <span class='ocrx_word' id='word_1_174' title='bbox 888 3520 938 3582; x_wconf 82' lang='grc' dir='ltr'><em>ἐντὶ</em></span> <span class='ocrx_word' id='word_1_175' title='bbox 956 3519 993 3581; x_wconf 86' lang='grc' dir='ltr'>τὰ</span> <span class='ocrx_word' id='word_1_176' title='bbox 1013 3521 1103 3600; x_wconf 77' lang='grc' dir='ltr'><em>ἕτερα</em></span> <span class='ocrx_word' id='word_1_177' title='bbox 1122 3521 1204 3601; x_wconf 76' lang='grc' dir='ltr'><em>μέρη</em></span> <span class='ocrx_word' id='word_1_178' title='bbox 1225 3522 1335 3601; x_wconf 81' lang='grc' dir='ltr'><em>τρέπε-</em></span> 
     </span>
     <span class='ocr_line' id='line_1_48' title="bbox 800 3627 1086 3707; baseline -0.007 -17"><span class='ocrx_word' id='word_1_179' title='bbox 800 3652 848 3690; x_wconf 85' lang='grc' dir='ltr'>ται</span> <span class='ocrx_word' id='word_1_180' title='bbox 870 3633 927 3689; x_wconf 86' lang='grc' dir='ltr'>τοῦ</span> <span class='ocrx_word' id='word_1_181' title='bbox 950 3627 1086 3707; x_wconf 80' lang='grc' dir='ltr'><em>κόσμου.</em></span> 
     </span>
    </p>

    <p class='ocr_par' dir='ltr' id='par_1_22' title="bbox 801 3732 1339 4029">
     <span class='ocr_line' id='line_1_49' title="bbox 849 3732 1338 3814; baseline 0.006 -18"><span class='ocrx_word' id='word_1_182' title='bbox 849 3739 888 3798; x_wconf 84' lang='grc'>19</span> <span class='ocrx_word' id='word_1_183' title='bbox 905 3733 941 3796; x_wconf 89' lang='grc' dir='ltr'>Β.</span> <span class='ocrx_word' id='word_1_184' title='bbox 959 3732 977 3794; x_wconf 85' lang='grc' dir='ltr'>ὁ</span> <span class='ocrx_word' id='word_1_185' title='bbox 993 3732 1027 3794; x_wconf 77' lang='grc' dir='ltr'>δὲ</span> <span class='ocrx_word' id='word_1_186' title='bbox 1042 3733 1171 3814; x_wconf 73' lang='grc' dir='ltr'><em>θερινὸς</em></span> <span class='ocrx_word' id='word_1_187' title='bbox 1186 3736 1338 3813; x_wconf 79' lang='grc' dir='ltr'>τροπικός</span> 
     </span>
     <span class='ocr_line' id='line_1_50' title="bbox 801 3839 1339 3922; baseline 0.009 -20"><span class='ocrx_word' id='word_1_188' title='bbox 801 3839 863 3903; x_wconf 79' lang='grc' dir='ltr'>ἀπὸ</span> <span class='ocrx_word' id='word_1_189' title='bbox 901 3845 956 3901; x_wconf 84' lang='grc' dir='ltr'>τοῦ</span> <span class='ocrx_word' id='word_1_190' title='bbox 993 3840 1144 3921; x_wconf 82' lang='grc' dir='ltr'>ἀρκτικαῦ</span> <span class='ocrx_word' id='word_1_191' title='bbox 1182 3842 1339 3922; x_wconf 72' lang='grc' dir='ltr'><em>γράφεται</em></span> 
     </span>
     <span class='ocr_line' id='line_1_51' title="bbox 801 3947 1164 4029; baseline 0 -19"><span class='ocrx_word' id='word_1_192' title='bbox 801 3948 931 4029; x_wconf 83' lang='grc' dir='ltr'><em>ἀπέχων</em></span> <span class='ocrx_word' id='word_1_193' title='bbox 954 3947 1107 4029; x_wconf 83' lang='grc' dir='ltr'>ἑξηκοστὰ</span> <span class='ocrx_word' id='word_1_194' title='bbox 1132 3949 1164 4010; x_wconf 76' lang='grc' dir='ltr'>ε’.</span> 
     </span>
    </p>
   </div>
   <div class='ocr_carea' id='block_1_16' title="bbox 307 4191 1339 4264">
    <p class='ocr_par' dir='ltr' id='par_1_23' title="bbox 307 4191 1339 4264">
     <span class='ocr_line' id='line_1_52' title="bbox 307 4191 1339 4264; baseline 0.009 -20"><span class='ocrx_word' id='word_1_195' title='bbox 307 4191 471 4258; x_wconf 72' lang='lat' dir='ltr'>²Petavius</span> <span class='ocrx_word' id='word_1_196' title='bbox 492 4195 525 4247; x_wconf 81' lang='lat' dir='ltr'>‹le</span> <span class='ocrx_word' id='word_1_197' title='bbox 544 4195 667 4248; x_wconf 82' lang='lat' dir='ltr'>doctrina</span> <span class='ocrx_word' id='word_1_198' title='bbox 692 4200 841 4261; x_wconf 80' lang='lat' dir='ltr'>temporum</span> <span class='ocrx_word' id='word_1_199' title='bbox 866 4194 917 4264; x_wconf 75' lang='grc' dir='ltr'>ΠΙ,</span> <span class='ocrx_word' id='word_1_200' title='bbox 941 4195 1141 4264; x_wconf 84' lang='lat' dir='ltr'>Uranologium‚</span> <span class='ocrx_word' id='word_1_201' title='bbox 1168 4196 1229 4249; x_wconf 86' lang='lat' dir='ltr'>Lut.</span> <span class='ocrx_word' id='word_1_202' title='bbox 1249 4196 1339 4253; x_wconf 86' lang='lat' dir='ltr'>Paris.</span> 
     </span>
    </p>
   </div>
   <div class='ocr_carea' id='block_1_17' title="bbox 220 4280 469 4348">
    <p class='ocr_par' dir='ltr' id='par_1_24' title="bbox 220 4280 469 4348">
     <span class='ocr_line' id='line_1_53' title="bbox 220 4280 469 4348; baseline 0.012 -16"><span class='ocrx_word' id='word_1_203' title='bbox 220 4280 296 4346; x_wconf 73' lang='lat'><strong>1630,</strong></span> <span class='ocrx_word' id='word_1_204' title='bbox 315 4297 339 4348; x_wconf 91' lang='lat' dir='ltr'>p.</span> <span class='ocrx_word' id='word_1_205' title='bbox 361 4281 394 4332; x_wconf 92' lang='grc'>14</span> <span class='ocrx_word' id='word_1_206' title='bbox 413 4297 469 4348; x_wconf 85' lang='lat' dir='ltr'>sqq.</span> 
     </span>
    </p>
   </div>
   <div class='ocr_carea' id='block_1_18' title="bbox 0 0 1399 4852">
    <p class='ocr_par' dir='ltr' id='par_1_25' title="bbox 0 0 1399 4852">
     <span class='ocr_line' id='line_1_54' title="bbox 0 0 1399 4852; baseline 0 0"><span class='ocrx_word' id='word_1_207' title='bbox 0 0 1399 4852; x_wconf 95' lang='lat' dir='ltr'> </span> 
     </span>
    </p>
   </div>
  </div>
 </body>
</html>
